@article{BallesterosOreficeTomazella18,
	Author = {Nu\~{n}o-Ballesteros, J. J. and Or\'{e}fice-Okamoto, B. and Tomazella, J. N.},
	Date-Added = {2019-01-17 10:06:15 +0000},
	Date-Modified = {2019-01-17 10:11:50 +0000},
	Fjournal = {Collectanea Mathematica},
	Journal = {Collect. Math.},
	Number = {1},
	Pages = {65--81},
	Title = {Equisingularity of map germs from a surface to the plane},
	Volume = {69},
	Year = {2018},
	Bdsk-Url-1 = {http://mathscinet.ams.org/mathscinet-getitem?mr=3742980}}

@book{Milnor68,
	Author = {Milnor, J.W.},
	Publisher = {Princenton University Press},
	Title = {Singular points of complex hypersurfaces},
	Year = {1968}}

@article{Lojasiewicz64,
	Author = {Lojasiewicz, S.},
	Journal = {Ann. Scoula Norm. Sup. Pisa},
	Mrclass = {32.25},
	Mrnumber = {0173265 (30 \#3478)},
	Mrreviewer = {S. S. Cairns},
	Number = {3},
	Pages = {449--474},
	Title = {Triangularitions of semi analytic sets},
	Volume = {18},
	Year = {1964}}

@article{FruehbisKrueger99,
	Author = {Fr{\"u}hbis-Kr{\"u}ger, A.},
	Fjournal = {Communications in Algebra},
	Journal = {Comm. Algebra},
	Number = {8},
	Pages = {3993--4013},
	Title = {Classification of simple space curve singularities},
	Volume = {27},
	Year = {1999}}

@article{GaffneyRangachev16,
	Author = {Gaffney, T. and Rangachev, A.},
	Eprint = {arXiv:1501.00201v2},
	Title = {Pairs of Modules and Determinantal Isolated Singularities},
	Year = {2016}}

@article{FruehbisKruegerNeumer10,
	Author = {{Fr\"uhbis-Kr\"uger}, A. and {Neumer}, A.},
	Journal = {Comm. in Alg.},
	Number = {2},
	Pages = {454--495},
	Title = {{Simple Cohen-Macaulay Codimension 2 Singularities}},
	Volume = {38},
	Year = {2010}}

@book{BrunsVetter88,
	Author = {Bruns, W. and Vetter, U.},
	Publisher = {Springer},
	Series = {Lecture Notes in Mathematics},
	Title = {Determinantal Rings},
	Volume = {1327},
	Year = {1988}}

@article{Tjurina68,
	Author = {Tjurina, G. N.},
	Journal = {Func. Anal. Appl.},
	Pages = {324--333},
	Title = {Absolute isolatedness of rational singularities and triple rational points},
	Volume = {2},
	Year = {1968}}

@incollection{Gr,
	Author = {Greuel,G.-M.},
	Booktitle = {Algebraic Geometry, La Rabida 1981},
	Pages = {141--168},
	Publisher = {Springer},
	Series = {Lecture Notes in Math.},
	Title = {On deformation of curves and a formula of Deligne},
	Volume = {961},
	Year = {1983}}

@incollection{GreuelSteenbrink83,
	Author = {Greuel, G.-M. and Steenbrink, J.},
	Booktitle = {Singularities, {P}art 1 ({A}rcata, {C}alif., 1981)},
	Mrclass = {14B07 (14D05 57R45)},
	Mrnumber = {713090 (84m:14006)},
	Mrreviewer = {K. Lamotke},
	Pages = {535--545},
	Publisher = {Amer. Math. Soc., Providence, R.I.},
	Series = {Proc. Sympos. Pure Math.},
	Title = {On the topology of smoothable singularities},
	Volume = {40},
	Year = {1983}}

@book{Milnor63,
	Address = {Princeton, NJ},
	Author = {Milnor, J.W.},
	Publisher = {Princeton University Press},
	Title = {Morse Theory},
	Year = {1963}}

@article{Arnold72,
	Author = {Arnold, V.},
	Journal = {FAA},
	Pages = {254--272},
	Title = {Normal forms for functions near degenerate critical point},
	Volume = {6},
	Year = {1972}}

@article{LSt,
	Author = {Looijenga, E. and Greuel, G.-M.},
	Journal = {Math. Ann.},
	Pages = {121--124},
	Title = {Milnor number and Tjurina number of Complete Intersections},
	Volume = {271},
	Year = {1985}}

@article{Giu,
	Author = {Giusti, M.},
	Journal = {Proc. Symp Pure Math.},
	Pages = {457--494},
	Title = {Classification des singularit\'es isol\'ees simples d'intersections compl\`etes},
	Volume = {40},
	Year = {1983}}

@article{RuasSilvaPereira14,
	Author = {Ruas, M.A.S. and da Silva Pereira, M.},
	Journal = {Math.Scand.},
	Pages = {161--172},
	Title = {Codimension two Determinantal Varieties with Isolated Singularities},
	Volume = {115},
	Year = {2014}}

@article{BallesterosOreficeTomazella13,
	Author = {Nu\~no-Ballesteros, J.J. and Or\'efice-Okamoto, B. and Tomazella, J.N.},
	Journal = {Israel J. Math.},
	Pages = {475--495},
	Title = {The vanishing {E}uler characteristic of an isolated determinantal singularity},
	Volume = {197},
	Year = {2013}}

@article{BallesterosOreficeTomazella14,
	Author = {Nu\~no-Ballesteros, J.J. and Or\'efice-Okamoto, B. and Tomazella, J.N.},
	Eprint = {arXiv:1405.3404},
	Title = {Equisingularity of Families of Isolated Determinantal Singularities},
	Year = {2014}}

@article{Bur,
	Author = {Burch, L.},
	Journal = {Proc. Camb. Phil. Soc.},
	Pages = {941--948},
	Title = {On ideals of finite homological dimension in local rings},
	Volume = {64},
	Year = {1964}}

@article{Schaps76,
	Author = {Schaps, M.},
	Journal = {Pacific Journal of Mathematics},
	Number = {1},
	Title = {Nonsingular Deformations of a Determinantal Scheme},
	Volume = {65},
	Year = {1976}}

@article{Schaps77,
	Author = {Schaps, M.},
	Journal = {Amer. J. Math.},
	Pages = {669 --684},
	Title = {Deformations of {C}ohen-{M}acaulay schemes of codimension 2 and nonsingular deformations of space curves},
	Volume = {99},
	Year = {1977}}

@article{Schaps83,
	Author = {Schaps, M.},
	Journal = {Pacific Journal of Mathematics},
	Number = {1},
	Title = {Versal Determinantal Deformations},
	Volume = {107},
	Year = {1983}}

@phdthesis{vanStraten87,
	Author = {van Straten, D.},
	Institution = {Universiteit Leiden},
	Title = {Weakly Normal Surface Singularities and Their Improvements},
	Type = {PhD-Thesis},
	Year = {1987}}

@phdthesis{Buchweitz81,
	Author = {Buchweitz, R.},
	Institution = {Universit{\'e} Paris VII},
	Title = {Contributions {\`a} la th{\'e}orie des singularit{\'e}s},
	Type = {Th{\`e}se},
	Year = {1981}
}

@phdthesis{CS,
	Author = {Chachapoyas Siesquen, N.},
	Institution = {Universidade de S\~ao Paulo, S\~ao Carlos},
	Title = {Invariantes de variedades determinantais},
	Type = {PhD-Thesis},
	Year = {2014}
}

@article{DamonPike14,
	Author = {Damon,J. and Pike, B.},
	Journal = {Geom. Topol.},
	Pages = {911--962},
	Title = {Solvable groups, free divisors and nonisolated matrix singularities {II}:Vanishing topology},
	Volume = {18},
	Year = {2014}}

@incollection{Damon01,
	Author = {Damon,J.},
	Booktitle = {New Developments in Singularity Theory},
	Pages = {405--445},
	Publisher = {Kluwer},
	Series = {NATO Conf. Series},
	Title = {Nonlinear sections of nonisolated complete intersections},
	Volume = {21},
	Year = {2001}}

@article{Fr86,
	Author = {Friedman, R.},
	Journal = {Math. Ann.},
	Pages = {671 -- 689},
	Title = {Simultaneous Resolution of Threefold Double Points},
	Volume = {274},
	Year = {1986}}

@article{Hamm72,
	Author = {Hamm, H.},
	Journal = {Math. Ann.},
	Pages = {235--252},
	Title = {Lokale topologische Eigenschaften komplexer R\"aume},
	Volume = {191},
	Year = {1972}}

@incollection{Pinkham74,
	Author = {Pinkham, H.},
	Publisher = {Soc. Math. France},
	Series = {Ast\'erisque},
	Title = {Deformations of algebraic varieties with $G_m$ action},
	Volume = {20},
	Year = {1974}}

@book{Artin76,
	Author = {Artin, M.},
	Publisher = {Tata Institute of Fundamental Research, Bombay},
	Title = {Lectures on Deformations of Singularities},
	Year = {1976}}

@article{Siersma91,
	Author = {Siersma, D.},
	Journal = {Topology},
	Number = {3},
	Title = {Variation Mappings on Singularities with a 1-dimensional Critical Locus},
	Volume = {30},
	Year = {1991}}

@article{Iomdin74,
	Author = {I.N. Iomdin},
	Journal = {Sibirsk. Mat. Z.},
	Number = {4},
	Pages = {784--805},
	Title = {Local topological properties of complex algebraic sets},
	Volume = {15},
	Year = {1974}}

@article{Le77,
	Author = {{L\^e D\~ung Tr\'ang}},
	Journal = {Proc. Ninth Nordic Summer School/NAVF Sympos. Math., Oslo 1976},
	Pages = {397--403},
	Publisher = {Sijthoff and Noordhoff, Alphen aan den Rijn},
	Title = {Some remarks on relative monodromy},
	Year = {1977}}

@article{FKZ15,
	Author = {Fr\"uhbis-Kr\"uger, A. and Zach, M.},
	Eprint = {arXiv:1501.01915},
	Title = {{O}n the {V}anishing {T}opology of {I}solated {C}ohen-{M}acaulay codimension 2 {S}ingularities},
	Year = {2015}}

@article{FruehbisKruegerZach20,
	Author = {Fr\"uhbis-Kr\"uger, A. and Zach, M.},
	Title = {{O}n the {V}anishing {T}opology of {I}solated {C}ohen-{M}acaulay codimension 2 {S}ingularities},
	Year = {2021},
	journal = {{G}eometry and {T}opology},
	volume = {25},
	issue = {5}, 
	pages = {2167--2194}
}


@article{ST15,
	Author = {Siersma, D. and Tib{\u a}r, M.},
	Eprint = {arXiv:1411.2640},
	Title = {Vanishing homology of projective hypersurfaces with 1-dimensional singularities},
	Year = {2014}}

@article{Oku05,
	Author = {Okuma, T.},
	Journal = {Mathematische Zeitschrift},
	Pages = {31--62},
	Publisher = {Springer Verlag},
	Title = {Numerical Gorenstein elliptic singularities},
	Year = {2005}}

@article{Wahl16,
	Author = {Wahl, J.},
	Eprint = {arXiv:1307.6491v2},
	Title = {Milnor and {T}jurina numbers for smoothings of surface singularities},
	Year = {2016}}

@book{TopStab76,
	Author = {Gibson, C.G. and Wirthm\"uller, K. and du Plessis, A.A. and Looijenga, E.J.N.},
	Publisher = {Springer-Verlag},
	Series = {Lecture Notes in Mathematics},
	Title = {Topological Stability of Smooth Mappings},
	Year = {1976}}

@article{EbelingGuseinZade09,
	Author = {Ebeling, W. and Gusein-Zade, S.},
	Pages = {113--124},
	Series = {Proc. Steklov Inst. Math},
	Title = {On indices of 1-forms on determinantal singularities},
	Volume = {267},
	Year = {2009}}

@article{GafRua16,
	Author = {Gaffney, T. and Ruas, M. A. S.},
	Eprint = {arXiv:1602.00362},
	Title = {Equisingularity and EIDS},
	Year = {2016}}

@incollection {Siersma83,
    AUTHOR = {Siersma, D.},
     TITLE = {Isolated line singularities},
 BOOKTITLE = {Singularities, {P}art 2 ({A}rcata, {C}alif., 1981)},
    SERIES = {Proc. Sympos. Pure Math.},
    VOLUME = {40},
     PAGES = {485--496},
 PUBLISHER = {Amer. Math. Soc., Providence, RI},
      YEAR = {1983},
   MRCLASS = {32B30 (32C40)},
  MRNUMBER = {713274},
MRREVIEWER = {Richard Randell},
       DOI = {10.1090/pspum/040.2/713274},
       URL = {https://doi.org/10.1090/pspum/040.2/713274},
}

@article{Pedersen16,
	Author = {M\o{}ller Pedersen, H.},
	Eprint = {arXiv:1604.06029v2},
	Title = {On Tjurina Transform and Resolution of Determinantal Singularities},
	Year = {2016}}

@article{DeJong88,
	Author = {de Jong, T.},
	Pages = {493 -- 517},
	Series = {Math. Z.},
	Title = {Some classes of line singularities},
	Volume = {198},
	Year = {1988}}

@article{BraChaRua17,
	Author = {Brasselet, J.P. and Chachapoyas, N. and Ruas, M.A.S},
	Title = {Generic Sections of Essentially Isolated Determinantal Singularities},
        journal = {{I}nternational {J}ournal of {M}athematics},
        volume  = {28},
        number = {11},
	Year = {2017}}

@article{EagonNorthcott62,
	Author = {Eagon, J. and Northcott, D.G.},
	Journal = {Proc. Royal Soc.},
	Pages = {188-204},
	Title = {Ideals defined by matrices, and a certain complex associated to them},
	Volume = {269},
	Year = {1962}}

@book{Eisenbud95,
	Author = {Eisenbud, D.},
	Publisher = {Springer-Verlag New York},
	Title = {Commutative Algebra with a View Toward Algebraic Geometry},
	Year = {1995}}

@article{EagonNorthcott67,
	Author = {Eagon, J.A. and Northcott, D.G.},
	Pages = {147-172},
	Publisher = {Proceedings of the Royal Society},
	Title = {Generically acyclic complexes and generically perfect ideals},
	Volume = {299 A},
	Year = {1967}}

@book{Damon84,
	Author = {Damon, J.},
	Number = {306},
	Publisher = {American Math. Soc.},
	Series = {Memoirs of the American Mathematical Society},
	Title = {The unfolding and determinacy theorems for subgroups of A and K},
	Volume = {50},
	Year = {1984}}

@article{Grauert72,
	Author = {Grauert, H.},
	Pages = {171 -- 198},
	Publisher = {Springer-Verlag},
	Series = {Inventiones math.},
	Title = {\"Uber die Deformation isolierter Singularit\"aten analytischer Mengen},
	Volume = {15},
	Year = {1972}}

@article{Trivedi13,
	Author = {Trivedi, S.},
	Journal = {International Journal of Mathematics},
	Number = {13},
	Publisher = {World Scientific Publishing Company},
	Title = {Stratified Transversality of Holomorphic Maps},
	Volume = {24},
	Year = {2013}}

@article{Abraham63,
	Author = {Abraham, R.},
	Journal = {Bull. Amer. Math. Soc.},
	Pages = {470 -- 474},
	Title = {Transversality in manifolds of mappings},
	Volume = {69},
	Year = {1963}}

@article{EbelingGuseinZade05,
	Author = {Ebeling, W. and Gusein-Zade, S.},
	Number = {113},
	Pages = {231--241},
	Publisher = {Springer},
	Series = {Geometriae Dedicata},
	Title = {Radial Index and {E}uler Obstruction of a 1-Form on a Singular Variety},
	Year = {2005}}

@book{Hatcher02,
	Author = {Hatcher, A.},
	Publisher = {Cambridge University Press},
	Title = {Algebraic Topology},
	Year = {2002}}

@book{BrunsHerzog93,
	Author = {Bruns, W. and Herzog, J.},
	Publisher = {Cambridge University Press},
	Title = {Cohen-Macaulay rings},
	Year = {1993}}

@book{Milnor65,
	Author = {Milnor, J.W.},
	Publisher = {University Press of Virginia},
	Title = {Topology from a differentiable viewpoint},
	Year = {1965}}

@book{GoreskyMacPherson88,
	Author = {Goresky, M. and MacPherson, R.},
	Publisher = {Springer Verlag},
	Title = {Stratified Morse Theory},
	Year = {1988}}

@article{Lascoux78,
	Author = {Lascoux, A.},
	Pages = {202--237},
	Series = {Advances in Mathematics},
	Title = {Syzygies des vari\'et\'es d\'eterminantales},
	Volume = {30},
	Year = {1978}}

@article{Buchsbaum79,
	Author = {Buchsbaum, D.A.},
	Pages = {58--79},
	Series = {Advances in Mathematics},
	Title = {{A} {N}ew {C}onstruction of the {E}agon-{N}orthcott {C}omplex},
	Volume = {34},
	Year = {1979}}

@article{AkinBuchsbaumEisenbud81,
	Author = {Akin, K. and Buchsbaum, D.A. and Weyman, J.},
	Pages = {1--30},
	Series = {Advances in Mathematics},
	Title = {Resolutions of Determinantal Ideals: The Submaximal Minors},
	Volume = {39},
	Year = {1981}}

@article{EagonHochster71,
	Author = {Hochster, M. and Eagon, J.A.},
	Pages = {1020--1058},
	Series = {American Journal of Mathematics},
	Title = {Cohen-Macaulay Rings, Invariant Theory, and the Generic Perfection of Determinantal Loci},
	Volume = {93},
	Year = {1971}}

@article{Laksov75,
	Author = {Laksov, D.},
	Journal = {Compositio Mathematica},
	Pages = {273--292},
	Publisher = {Noordhoff International Publishing},
	Title = {Deformation of Determinantal Schemes},
	Volume = {30},
	Year = {1975}}

@article{Schlessinger68,
	Author = {Schlessinger, M.},
	Journal = {Trans. AMS},
	Pages = {536--577},
	Title = {Functors of {A}rtin rings},
	Volume = {130},
	Year = {1968}}

@book{GreuelLossenShustin07,
	Author = {Greuel, G.M. and Lossen, C. and Shustin, E.},
	Publisher = {Springer},
	Series = {Springer Monographs in Mathematics},
	Title = {Introduction to Singularities and Deformations},
	Year = {2007}}

@book{Sernesi06,
	Author = {Sernesi, E.},
	Publisher = {Springer},
	Title = {Deformations of Algebraic Schemes},
	Year = {2006}}

@article{Pinkham73,
	Author = {Pinkham, H.C.},
	Journal = {Journal of Algebra},
	Pages = {92--102},
	Title = {Deformations of Cones with Negative Grading},
	Volume = {30},
	Year = {1974}}

@book{ArnoldGuseinZadeVarchenkoVolI,
	Author = {Arnold, V. and Gusein-Zade, S.M. and Varchenko, A.},
	Publisher = {Birkh\"auser},
	Title = {Singularities of Differentiable Maps, Volume I},
	Year = {1985}}

@book{ArnoldGuseinZadeVarchenkoVolII,
	Author = {Arnold, V. and Gusein-Zade, S.M. and Varchenko, A.},
	Publisher = {Birkh\"auser},
	Title = {Singularities of Differentiable Maps, Volume II},
	Year = {1985}}

@book{Hartshorne10,
	Author = {Hartshorne, R.},
	Publisher = {Springer-Verlag},
	Title = {Deformation theory},
	Year = {2010}}

@book{GrauertRemmert77,
	Author = {Grauert, H. and Remmert, R.},
	Publisher = {Springer-Verlag},
	Title = {Theorie der Steinschen R\"aume},
	Year = {1977}}

@article{Hardt75,
	Author = {Hardt, R.},
	Journal = {Trans. Amer. Math. Soc.},
	Pages = {57--70},
	Title = {Topological properties of subanalytic sets},
	Volume = {211},
	Year = {1975}}

@article{Hironaka73,
	Author = {Hironaka, H.},
	Journal = {Number Theory, Algebraic Geometry and Commutative Algebra},
	Pages = {453--493},
	Publisher = {Kinokunya Tokyo},
	Title = {Subanalytic sets},
	Volume = {volume in honor of A. Akizuki},
	Year = {1973}}

@article{Sard42,
	Author = {Sard, A.},
	Journal = {Bulletin of the American Mathematical Society},
	Number = {12},
	Pages = {883-890},
	Title = {The measure of the critical values of differentiable maps},
	Volume = {48},
	Year = {1942}}

@article{Hironaka64I,
	Author = {Hironaka, H.},
	Journal = {Ann. of Math.},
	Number = {2},
	Pages = {109--203},
	Title = {Resolution of singularities of an algebraic variety over a field of characteristic zero. I},
	Volume = {79},
	Year = {1964}}

@article{Hironaka64II,
	Author = {Hironaka, H.},
	Journal = {Ann. of Math.},
	Number = {2},
	Pages = {205--326},
	Title = {Resolution of singularities of an algebraic variety over a field of characteristic zero. II},
	Volume = {79},
	Year = {1964}}

@article{Le74,
	Author = {L\^e Dung Trang},
	Journal = {Funkcional. Anal. i Prilozen.},
	Number = {2},
	Pages = {45--49},
	Title = {Computation of the Milnor number of an isolated singularity of a complete intersection},
	Volume = {8},
	Year = {1974}}

@article{Greuel75,
	Author = {Greuel, G.M.},
	Journal = {Math. Ann.},
	Pages = {235--266},
	Title = {Der Gauss-Manin-Zusammenhang isolierter Singularit\"aten von vollst\"andigen Durchschnitten},
	Volume = {214},
	Year = {1975}}

@book{PfisterDeJong00,
	Author = {Pfister, G. and de Jong, T.},
	Publisher = {Vieweg},
	Title = {Local Analytic Geometry, Basic Theory and Applications},
	Year = {2000}}

@article{GaffneyNivaldoRuas16,
	Author = {Gaffney, T. and N. G.Grulha Jr. and Ruas, M.A.S.},
	Eprint = {arXiv:1611.00749},
	Title = {The local {E}uler obstruction and topology of stabilization of associated determinantal varieties},
	Year = {2016}}

@book{ArbarelloCornalbaGriffithsHarris85,
	Author = {Arbarello, E. and Cornalba, M. and Griffiths, P.A. and Harris, J.},
	Publisher = {Springer-Verlag},
	Title = {Geometry of Algebraic Curves, Volume I},
	Year = {1985}}

@book{GrauertRemmert71,
	Author = {Grauert, H. and Remmert, R.},
	Publisher = {Springer-Verlag},
	Title = {Analytische Stellenalgebren},
	Year = {1971}}

@article{LooijengaSteenbrink85,
	Author = {Looijenga, E. and Steenbrink, J.},
	Coden = {MAANA},
	Doi = {10.1007/BF01455800},
	Fjournal = {Mathematische Annalen},
	Issn = {0025-5831},
	Journal = {Math. Ann.},
	Mrclass = {32B30 (14B05)},
	Mrnumber = {779609},
	Mrreviewer = {Jonathan M. Wahl},
	Number = {1},
	Pages = {121--124},
	Title = {Milnor number and {T}jurina number of complete intersections},
	Url = {http://dx.doi.org/10.1007/BF01455800},
	Volume = {271},
	Year = {1985},
	Bdsk-Url-1 = {http://dx.doi.org/10.1007/BF01455800}}

@article{Greuel80,
	Author = {Greuel, G.M.},
	Coden = {MAANA3},
	Doi = {10.1007/BF01364456},
	Fjournal = {Mathematische Annalen},
	Issn = {0025-5831},
	Journal = {Math. Ann.},
	Mrclass = {32B30 (14B07)},
	Mrnumber = {582515},
	Mrreviewer = {Jonathan M. Wahl},
	Number = {2},
	Pages = {157--173},
	Title = {Dualit\"at in der lokalen {K}ohomologie isolierter {S}ingularit\"aten},
	Url = {http://dx.doi.org/10.1007/BF01364456},
	Volume = {250},
	Year = {1980},
	Bdsk-Url-1 = {http://dx.doi.org/10.1007/BF01364456}}

@article{FruehbisKrueger16,
	Author = {Fr\"uhbis-Kr\"uger, A.},
	Eprint = {arXiv:1611.02625v3},
	Title = {On discriminants, Tjurina modifications and the geometry of determinantal singularities},
	Year = {2016}}

@article{Zach16,
	Author = {Zach, M.},
	Eprint = {arXiv:1607.07527},
	Title = {{V}anishing cycles of smoothable isolated {C}ohen-{M}acaulay codimension 2 singularities of type 2},
	Year = {2016}}

@article{BuchweitzGreuel80,
	Author = {Buchweitz, R.O. and Greuel, G.M.},
	Coden = {INVMBH},
	Doi = {10.1007/BF01390254},
	Fjournal = {Inventiones Mathematicae},
	Issn = {0020-9910},
	Journal = {Invent. Math.},
	Mrclass = {14B07 (14H15)},
	Mrnumber = {571575},
	Mrreviewer = {Jonathan M. Wahl},
	Number = {3},
	Pages = {241--281},
	Title = {The {M}ilnor number and deformations of complex curve singularities},
	Url = {http://dx.doi.org/10.1007/BF01390254},
	Volume = {58},
	Year = {1980},
	Bdsk-Url-1 = {http://dx.doi.org/10.1007/BF01390254}}

@incollection{Greuel82,
	Author = {Greuel, G.M.},
	Booktitle = {Algebraic geometry ({L}a {R}\'abida, 1981)},
	Doi = {10.1007/BFb0071281},
	Mrclass = {32G11 (14B07 14H20)},
	Mrnumber = {708332},
	Mrreviewer = {Ragnar-Olaf Buchweitz},
	Pages = {141--168},
	Publisher = {Springer, Berlin},
	Series = {Lecture Notes in Math.},
	Title = {On deformation of curves and a formula of {D}eligne},
	Url = {http://dx.doi.org/10.1007/BFb0071281},
	Volume = {961},
	Year = {1982},
	Bdsk-Url-1 = {http://dx.doi.org/10.1007/BFb0071281}}

@article{Wahl15,
	Author = {Wahl, J.},
	Doi = {10.14231/AG-2015-014},
	Fjournal = {Algebraic Geometry},
	Issn = {2214-2584},
	Journal = {Algebr. Geom.},
	Mrclass = {14J17 (14B07 32S25 32S30 32S50)},
	Mrnumber = {3370125},
	Mrreviewer = {Angel Granja},
	Number = {3},
	Pages = {315--331},
	Title = {Milnor and {T}jurina numbers for smoothings of surface singularities},
	Url = {http://dx.doi.org/10.14231/AG-2015-014},
	Volume = {2},
	Year = {2015},
	Bdsk-Url-1 = {http://dx.doi.org/10.14231/AG-2015-014}}

@book{Pazy83,
	Author = {Pazy, A.},
	Publisher = {Springer-Verlag},
	Title = {Semigroups of Linear Operators and Applications to Partial Differential Equations},
	Year = {1983}}

@book{GrauertRemmert84,
	Author = {Grauert, H. and Remmert, R.},
	Publisher = {Springer-Verlag},
	Title = {Coherent Analytic Sheaves},
	Year = {1984}}

@book{Hartshorne77,
	Author = {Hartshorne, R},
	Publisher = {Springer},
	Title = {Algebraic Geometry},
	Year = {1977}}

@article{Brieskorn70,
	Author = {Brieskorn, E.},
	Journal = {Manuscripta},
	Pages = {103--161},
	Title = {Die Monodromie der isolierten Singularit\"aten von Hyperfl\"achen},
	Volume = {2},
	Year = {1970}}

@book{Hatcher04,
	Author = {Hatcher, A.},
	Eprint = {http://www.math.cornell.edu/~hatcher/SSAT/SSATpage.html},
	Title = {Spectral Sequences in Algebraic Topology}}

@book{BrodmannSharp98,
	Author = {Brodmann, M. P. and Sharp, R. Y.},
	Publisher = {Cambridge University Press},
	Title = {Local Cohomology: an algebraic introduction with geometric applications},
	Year = {1998}}

@book{Hartshorne67,
	Author = {Hartshorne, R.},
	Publisher = {Springer Verlag},
	Series = {Springer Lecture Notes in Mathematics},
	Title = {Local cohomology},
	Year = {67}}

@phdthesis{Penafort15,
	Author = {Pe\~nafort Sanchis, G.},
	Institution = {Universitat de Val\`encia},
	Title = {Multiple point spaces of finite holomorphic maps},
	Type = {PhD-thesis},
	Year = {2015}}

@article{GoryunovMond93,
	Author = {Goryunov, V.V. and Mond, D.},
	Journal = {Compositio Math.},
	Pages = {45--80},
	Title = {Vanishing cohomology of singularities of mappings},
	Volume = {89},
	Year = {1993}}

@article{KatoMatsumoto75,
	Author = {Kato, M. and Matsumoto, Y.},
	Journal = {Proc. Internat. Conf., Tokyo},
	Publisher = {Univ. Tokyo Press},
	Title = {On the connectivity of the Milnor fiber of a holomorphic function at a critical point},
	Year = {1975}}

@article{Tibar95,
	Author = {Tib{\u a}r, M.},
	Journal = {Topology},
	Pages = {227--241},
	Publisher = {Elsevier},
	Title = {Bouquet decomposition of the {M}ilnor fibre},
	Volume = {35},
	Year = {1995}}

@phdthesis{Pereira10,
	Author = {da Silva Pereira, M.},
	Institution = {Universidade de S\~ao Paulo, S\~ao Carlos, Brazil},
	Title = {Variedades determinantais e singularidades de matrizes},
	Type = {PhD-thesis},
	Year = {2010},
        doi = {10.11606/T.55.2010.tde-22062010-133339}}

@article{KernerBelitskii15,
	Author = {Belitskii, G. and Kerner, D.},
	Eprint = {arXiv:1501.07168},
	Title = {Finite determinacy of matrices over local rings. Tangent modules to the miniversal deformation of R-linear group actions},
	Year = {2015}}

@article{KernerBelitskii16,
	Author = {Belitskii, G. and Kerner, D.},
	Eprint = {arXiv:1604.06247},
	Title = {Finite determinacy of matrices over local rings II. Tangent modules to the miniversal deformations for group-actions involving the ring automorphisms},
	Year = {2016}}

@phdthesis{Zach17,
	Author = {Zach, M.},
	Institution = {Leibniz Universit\"at Hannover},
	Title = {Topology of isolated determinantal singularities},
	Type = {PhD-thesis},
	Year = {2017}}

@article{BruceTari04,
	Author = {Bruce, J. W. and Tari, F.},
	Doi = {10.1112/S0024611504014911},
	Fjournal = {Proceedings of the London Mathematical Society. Third Series},
	Issn = {0024-6115},
	Journal = {Proc. London Math. Soc. (3)},
	Mrclass = {58K40 (58K50 58K60)},
	Mrnumber = {2107013},
	Mrreviewer = {Toshizumi Fukui},
	Number = {3},
	Pages = {738--762},
	Title = {On families of square matrices},
	Url = {https://doi.org/10.1112/S0024611504014911},
	Volume = {89},
	Year = {2004},
	Bdsk-Url-1 = {https://doi.org/10.1112/S0024611504014911},
	Bdsk-Url-2 = {http://dx.doi.org/10.1112/S0024611504014911}}

@article{deJongVanStraten94,
	Author = {de Jong, T. and van Straten, D.},
	Fjournal = {Journal of Algebraic Geometry},
	Issn = {1056-3911},
	Journal = {J. Algebraic Geom.},
	Mrclass = {32S30 (14D15 14J17 32S25)},
	Mrnumber = {1242008},
	Mrreviewer = {Jan Stevens},
	Number = {1},
	Pages = {117--172},
	Title = {On the deformation theory of rational surface singularities with reduced fundamental cycle},
	Volume = {3},
	Year = {1994}}

@article{Zhang16,
	Author = {Zhang, X.},
	Eprint = {arXiv:1605.05380},
	Title = {Chern classes and Characteristic Cycles of Determinantal Varieties},
	Year = {2016}}

@article{MatherVI,
	Author = {Mather, J. N.},
	Journal = {Proceedings of {L}iverpool {S}ingularities-{S}ymposium, {I}, 1969/70},
	Pages = {207--253},
	Publisher = {{S}pringer {B}erlin},
	Series = {Lecture {N}otes in {M}ath.},
	Title = {{S}tability of $C^\infty$-mappings. {V}{I}: {T}he nice dimensions},
	Volume = {192},
	Year = {1971}}

@article{NunoPenafort17,
	Author = {Nu{\~n}o-Ballesteros, J.J. and Pe{\~n}afort Sanchis, G.},
	Date-Added = {2015-08-21 08:34:25 +0000},
	Date-Modified = {2017-09-30 05:39:14 +0000},
	Journal = {The Quarterly Journal of Mathematics},
	Keywords = {Singularities Of Maps},
	Month = {June},
	Number = {2},
	Pages = {369-390},
	Title = {Multiple point spaces of finite holomorphic maps},
	Volume = {68},
	Year = {2017}}

@article{MararMond89,
	Author = {Marar, W. L. and Mond, D.},
	Date-Added = {2015-06-24 15:08:10 +0000},
	Date-Modified = {2015-07-29 19:23:25 +0000},
	Journal = {J. London Math. Soc.},
	Keywords = {Singularities Of Maps},
	Number = {3},
	Pages = {553-567},
	Title = {Multiple point schemes for corank $1$ maps},
	Volume = {2},
	Year = {1989}}

@article{Whitney65,
	Author = {Whitney, H.},
	Journal = {Annals of Mathematics},
	Pages = {496--549},
	Title = {Tangents to an analytic variety},
	Volume = {81, no. 3},
	Year = {1965}}

@article{Thom69,
	Author = {Thom, R.},
	Journal = {Bulletin of the American Mathematical Society},
	Pages = {240--284},
	Title = {Ensemble et morphisme stratifi\'es},
	Volume = {75},
	Year = {1969}}

@inproceedings{Hironaka77,
	Author = {Hironaka, H},
	Booktitle = {Real and {C}omplex {S}ingularities},
	Editor = {Holm, P.},
	Pages = {199--265},
	Publisher = {Nordic {S}ummer {S}chool/{NAVF}},
	Title = {Stratification and flatness},
	Year = {1977}}

@inproceedings{Mond16,
	Author = {Mond, D.},
	Booktitle = {Singularities and Foliations. Geometry, Topology and Applications},
	Editor = {Ara{\'u}jo dos Santos, Raimundo Nonato and Menegon Neto, Aur{\'e}lio and Mond, David and Saia, Marcelo J. and Snoussi, Jawad},
	Isbn = {978-3-319-73639-6},
	Pages = {229--258},
	Publisher = {Springer International Publishing},
	Title = {Disentanglements of Corank 2 Map-Germs: Two Examples},
	Year = {2018}}

@article{Goryunov95,
	Author = {V.V. Goryunov},
	Date-Added = {2015-11-05 18:04:33 +0000},
	Date-Modified = {2015-11-05 18:07:10 +0000},
	Journal = {Proc. London Math. Soc.},
	Keywords = {Singularities Of Maps},
	Number = {2},
	Pages = {363-385},
	Title = {Semi-simplicial resolutions and homology of images and discriminants of mappings},
	Volume = {(3) 70},
	Year = {1995}}

@article{HammLe73,
	Author = {Hamm, H. and {L\^e D\~ung Tr\'ang}},
	Journal = {Annales scientifiques de l' {\'E.N.S.} 4 s\'erie, tome 6, no 3},
	Pages = {317--355},
	Publisher = {Elsevier},
	Title = {Un th\'eor\`eme de {Z}ariski du type de {L}efschetz},
	Year = {1973}}

@book{Golu-Gui,
	Author = {Golubitsky, M. and Guillemin, V.},
	Date-Added = {2015-04-09 17:38:36 +0000},
	Date-Modified = {2015-05-12 13:24:21 +0000},
	Keywords = {Singularities Of Maps, Differential Geometry, Differential Topology},
	Publisher = {Springer},
	Title = {Stable Mappings and Their Singularities},
	Year = {1986}}

@article{Pragacz88,
	Author = {Pragacz, P.},
	Journal = {Annales scientifique de l'{E}.{N}.{S}},
	Number = {3},
	Pages = {413--454},
	Series = {4},
	Title = {Enumerative geometry of degeneracy loci},
	Year = {1988}}

@article{Zach18,
	Author = {Zach, M.},
	Doi = {10.1007/s00209-018-2143-9},
	Journal = {{M}athematische {Z}eitschrift},
	Title = {An observation concerning the vanishing topology of certain isolated determinantal singularities},
	Year = {2018},
	Bdsk-Url-1 = {http://dx.doi.org/10.1007/s00209-018-2143-9}}

@article{Zach18BouquetDecomp,
	Author = {Zach, M.},
	title =	{ {B}ouquet decomposition for {D}eterminantal {M}ilnor fibers },
	journal = { Journal of Singularities },
	volume = { 22 },
	year = { 2020 },
	pages = { 190 -- 204 },
        DOI = {10.5427/jsing.2020.22m}
}

@article{Houston97,
	Author = {K. Houston},
	Date-Added = {2018-10-27 15:58:47 +0200},
	Date-Modified = {2018-10-27 16:03:37 +0200},
	Journal = {Topology},
	Number = {5},
	Pages = {1007-1121},
	Title = {Local topology of images of finite complex analytic maps},
	Volume = {36},
	Year = {1997}}

@article{PenafortZach18,
	Author = {Pe\~nafort, G. and Zach, M.},
	Eprint = {arXiv:1807.07183},
	Title = {Kato-Matsumoto type results for disentanglements},
	Year = {2018}}

@article{OakuTakayama98,
	Author = {Oaku, T. and Takayama, N.},
	Eprint = {arXiv:9805006},
	Title = {Algorithms for D-modules -- restriction, tensor product, localization and local cohomology groups},
	Year = {1998}}

@article{Borel53,
	Author = {Borel, A.},
	Journal = {{A}nnals of {M}athematics},
	Number = {1},
	Title = {Sur la cohomologie des espaces fibres principaux et des espace homogenes de groupes de Lie compacts},
	Volume = {57},
	Year = {1953}}

@article{DamonMond91, 
  author = 	{ Damon, J. and Mond, D. },
  journal =	{ {I}nvent. {M}ath. },
  title = 	{ A-Codimension and the vanishing topology of discriminants },
  year =	{ 1991 },
  pages =	{ 217--242 },
  number =	{ 106 }
}

@article{ Le79,
	Author = {{L\^e D\~ung Tr\'ang}},
	Journal = { {C}. {R}. {A}cad. {S}ci. {P}aris },
	Pages = {A283--A285},
	Title = {Sur les cycles \'evanouissants des espaces analytiques},
	Year = {1979}}
@book{ vanDerWaerden55,
  author = 	{ van der {W}aerden, B. L. },
  title =	{ Algebra },
  volume =	{ 1, {E}dition 4 },
  publisher =	{ Springer-Verlag },
  year = 	{ 1955 },
  version =	{ 4 }
}

@article{ Rabin57, 
  author = 	{ Rabin, M.O. },
  title =	{ {C}omputable algebra and general theory of computable fields },
  year =	{ 1957 },
  publisher =	{ unknown },
  journal =	{ unknown },
  pages =	{ unknown }
}

@article{ FroehlichShepherdson55_1, 
  author =	{ {F}r\"ohlich, A. and {S}hepherdson, J.C. },
  title	=	{ {E}ffective procedures in field theory },
  journal =	{ {P}hilos. {T}rans. {R}oy. {S}oc. {L}ondon ser. A },
  volume =	{ 284 },
  pages	=	{ 407--432 },
  year =	{ 1955 }
}

@book{ Bosch,
  author = 	{ {B}osch, S. },
  title =	{ {A}lgebra },
  publisher =	{ {S}pringer },
  year =	{ 1993 }
}

@article{ WeinbergerRothschild76,
  author =	{ Weinberger, P.J. and Rothschild, L.P. },
  title	=	{ {F}actoring Polynomials over algebraic number fields },
  journal =	{ {A}{C}{M} {T}ransactions on {M}athematical {S}oftware },
  volume =	{ 2, No 4},
  year =	{ 1976 },
  pages	=	{ 335--350 }
}

@article{ SoicherMcKay85,
  author = 	{ Soicher, L. and McKay, J. },
  title =	{ {C}omputing galois groups over the rationals },
  journal =	{ {J}ournal of {N}umber {T}heory },
  volume =	{ 20 },
  pages =	{ 273--281 },
  year =	{ 1985 }
}

@article{ ButlerMcKay83, 
  author =	{ Butler, G. and McKay, J. },
  title	=	{ The transitive groups of degree up to eleven },
  journal =	{ {C}ommunications in {A}lgebra },
  volume =	{ 11:8 },
  pages =	{ 863--911 },
  year =	{ 1983 }
}

@article{ Ehresmann39,
  author =	{ Ehresmann, C. },
  title =	{ Sur la topologie des groupes simples clos },
  journal = 	{ {C}. {R}. {A}cad. {S}ci. {P}aris },
  volume =	{ 208 },
  year =	{ 1939 },
  pages =	{ 1263--1265 }
}

@article{ Hopf41,
  author =	{ Hopf, H. },
  title =	{ \"Uber die Topologie der Gruppen-Mannigfaltigkeiten und ihrer Verallgemeinerungen },
  journal =	{ Ann. of Math. },
  volume =	{ 42 },
  year =	{ 1941 },
  pages =	{ 22--52 }
}
@article {Borel55,
    AUTHOR = {Borel, Armand},
     TITLE = {Topology of {L}ie groups and characteristic classes},
   JOURNAL = {Bull. Amer. Math. Soc.},
  FJOURNAL = {Bulletin of the American Mathematical Society},
    VOLUME = {61},
      YEAR = {1955},
     PAGES = {397--432},
      ISSN = {0002-9904},
   MRCLASS = {17.0X},
  MRNUMBER = {0072426},
MRREVIEWER = {W. T. van Est},
       DOI = {10.1090/S0002-9904-1955-09936-1},
       URL = {https://doi.org/10.1090/S0002-9904-1955-09936-1},
}

@article{ Graf14,
  author =	{ Graf, P. },
  title =	{ The generalized Lipman-Zariski problem },
  journal = 	{ arXiv:1405.1244v3 },
  year =	{ 2014 }
}

@article{ BrasseletLeSeade00,
  author =	{ Brasselet, J.P. and L\^e, D.T. and Seade, J. },
  journal =	{ Topology },
  title =	{ {E}uler obstruction and indices of vector fields },
  year =	{ 2000 },
  volume =	{ 39 },
  pages =	{ 1193 -- 1208 },
  publisher =	{ Elsevier }
}

@article{ SeadeTibarVerjovsky05,
  author =	{ Seade, J. and Tib{\u a}r, M. and Verjovsky, A. },
  title	=	{ Milnor Numbers and {E}uler Obstruction },
  journal = 	{ Bulletin of the Brazilian Mathematical Society },
  volume =	{ 36 },
  number =	{ 2 },
  year	= 	{ 2005 }
}

@article{Le73,
  author = 	{ L{\^e}, D.T. },
  title	=	{ Calcul du nombre de cycles \'evanouissants d'une hypersurface complexe },
  journal =	{ Annales de l'institute Fourier },
  number =	{ 4 },
  volume =	{ 23 },
  pages =	{ 261 -- 270 }
}

@article{ Le86,
  Author = {L{\^e}, D.T. },
  title	=	{ Le concept du singularit\'e isol\'ee de fonction analytique },
  journal =	{ Adv. Stud. Pure Math. },
  volume =	{ 8 },
  pages =	{ 215 -- 227 },
  year =	{ 1986 },
  publisher =	{ North Holland }
}

@article{Cartan50,
  author =	{ Cartan, H. },
  title =	{ La transgression dans un groupe de Lie et dans un espace fibr\'e principal },
  journal =	{ Colloque de Topologie alg\'ebrique },
  publisher =	{ Bruxelles },
  year =	{ 1950 },
  pages =	{ 57 -- 71 }
}

@article{HammLe91,
  author =	{ Hamm, H.A. and L\^e, D.T. },
  title =	{ Rectified Homotopical Depth and Grothendieck Conjectures },
  journal =	{ The Grothendieck Festschrift },
  publisher =	{ Birkh\"auser },
  year =	{ 1991 },
  volume =	{ II }
}

@article{GiraldoGomezMont02,
  author =	{ Giraldo, L. and G\'omez-Mont, X. },
  title	=	{ A Law of Conservation of Number for Local {E}uler Characteristics },
  journal =	{ Contemporary Mathematics },
  volume =	{ 311 },
  year =	{ 2002 },
  pages =	{ 251 -- 259 },
  publisher =	{ American Mathematical Society }
}

@book{HwaTeplitz66,
  author =	{ Hwa, R. C. and Teplitz, V. L. },
  title	=	{ Homology and Feynman integrals },
  year =	{ 1966 },
  publisher =	{ W. A. Benjamin, Inc. }
}

@article{MuellerStachWeinzierlZayadeh12,
  author =	{ M\"uller-Stach, S. and Weinzierl, S. and Zayadeh, R. },
  title	=	{ A second-order differential equation for the two-loop sunrise graph with arbitrary masses },
  year =	{ 2012 },
  Eprint = 	{arXiv:1112.4360v2}
}

@article{MuellerStachWeinzierlZayadeh13,
  author =	{ M\"uller-Stach, S. and Weinzierl, S. and Zayadeh, R. },
  title	=	{ Picard-Fuchs equations for Feynman integrals },
  year =	{ 2013 },
  Eprint = 	{arXiv:1212.4389v2}
}

@article{BesierVanStratenWeinzierl18,
  author =	{ Besier, M. and van Straten, D. and Weinzierl, S. },
  title	=	{ Rationalizing roots: an algorithmic approach },
  year =	{ 2018 },
  Eprint =	{ arXiv:1809.10983v2 }
}

@article{BesierFestiHarrisonNaskrecki19,
  author =	{ Besier, M. and Festi, D. and Harrison, M. and Naskrecki, B. },
  title =	{ Arithmetic and geometry of a K3 surface emerging from virtual corrections to Drell-Yan scattering },
  year =	{ 2019 },
  Eprint =	{ arXiv:1908.01079v2 }
}

@article{Smirnov08,
  author =	{ Smirnov, A.V. },
  title =	{ Algorithm FIRE -- Feynman Integral REduction },
  year =	{ 2008 },
  Eprint =	{ arXiv:0807.3243v3 }
}

@article{MaierhoeferUsovitschUwer18,
  author =	{ Maierh\"ofer, P. and Usovitsch, J. and Uwer, P. },
  title =	{ Kira -- A Feynman Integral Reduction Program },
  year =	{ 2018 },
  Eprint =	{ arXiv:1705.05610v2 }
}

@article{ManteuffelStuderus12,
  author =	{ von {M}anteuffel, A and Studerus, C. },
  title =	{ Reduze 2 -- Distributed Feynman Integral Reduction },
  year =	{ 2012 },
  Eprint =	{ arXiv:1201.4330v1 }
}

@misc {Sin,
 title = {{\sc Singular} {4-1-2} --- {A} computer algebra system for polynomial computations},
 author = {Decker, Wolfram and Greuel, Gert-Martin and Pfister, Gerhard and Sch\"onemann, Hans},
 year = {2019},
 howpublished = {\url{http://www.singular.uni-kl.de}},
}

@article{GoryunovMond05, 
  author =	{ Goryunov, V. and Mond, D. },
  title =	{ Tjurina and Milnor numbers of matrix singularities },
  journal =	{ J. London Math. Soc. },
  volume =	{ 72 },
  number =	{ (2) }, 
  year =	{ 2005 },
  pages =	{ 205 -- 224 }
}

@article{MondVanStraten01,
  author =	{ Mond, D. and van Straten, D. },
  title =	{ Milnor number equals Tjurina number for functions on space curves }, 
  journal =	{ J. London Math. Soc. },
  volume =	{ 63 },
  number =	{ (2) },
  year =	{ 2001 },
  pages =	{ 177 -- 187 }
}

@article {Saito71,
    AUTHOR = {Saito, Kyoji},
     TITLE = {Quasihomogene isolierte {S}ingularit\"{a}ten von {H}yperfl\"{a}chen},
   JOURNAL = {Invent. Math.},
  FJOURNAL = {Inventiones Mathematicae},
    VOLUME = {14},
      YEAR = {1971},
     PAGES = {123--142},
      ISSN = {0020-9910},
   MRCLASS = {32C40},
  MRNUMBER = {294699},
MRREVIEWER = {S. Hitotumatu},
       DOI = {10.1007/BF01405360},
       URL = {https://doi.org/10.1007/BF01405360},
}

@article{ Damon15,
  author =	{ Damon, J. },
  title =	{ Topology of Exceptional Orbit Hypersurfaces of Prehomogeneous Spaces },
  year = 	{ 2015 },
  Eprint =	{ arXiv:1512.03391v2 }
}

@incollection {Mond91,
    AUTHOR = {Mond, D.},
     TITLE = {Vanishing cycles for analytic maps},
 BOOKTITLE = {Singularity theory and its applications, {P}art {I}
              ({C}oventry, 1988/1989)},
    SERIES = {Lecture Notes in Math.},
    VOLUME = {1462},
     PAGES = {221--234},
 PUBLISHER = {Springer, Berlin},
      YEAR = {1991},
   MRCLASS = {32S30 (32S55 32S60 58C27)},
  MRNUMBER = {1129035},
MRREVIEWER = {Yih-Nan David Gau},
       DOI = {10.1007/BFb0086385},
       URL = {https://doi.org/10.1007/BFb0086385},
}

@incollection {Le87,
    AUTHOR = { L\^e, D\~ung Tr\`ang },
     TITLE = {Le concept de singularit\'{e} isol\'{e}e de fonction analytique},
 BOOKTITLE = {Complex analytic singularities},
    SERIES = {Adv. Stud. Pure Math.},
    VOLUME = {8},
     PAGES = {215--227},
 PUBLISHER = {North-Holland, Amsterdam},
      YEAR = {1987},
   MRCLASS = {32B30 (32C42)},
  MRNUMBER = {894295},
       DOI = {10.2969/aspm/00810215},
       URL = {https://doi.org/10.2969/aspm/00810215}
}

@incollection {EbelingGuseinZade06,
    AUTHOR = {Ebeling, W. and Gusein-Zade, S. M.},
     TITLE = {Indices of vector fields and 1-forms on singular varieties},
 BOOKTITLE = {Global aspects of complex geometry},
     PAGES = {129--169},
 PUBLISHER = {Springer, Berlin},
      YEAR = {2006},
   MRCLASS = {32S65 (14F10)},
  MRNUMBER = {2264109},
MRREVIEWER = {M. G. Soares},
       DOI = {10.1007/3-540-35480-8_4},
       URL = {https://doi.org/10.1007/3-540-35480-8_4},
}

@article {EbelingGuseinZadeSeade04,
    AUTHOR = {Ebeling, W. and Gusein-Zade, S. M. and Seade, J.},
     TITLE = {Homological index for 1-forms and a {M}ilnor number for
              isolated singularities},
   JOURNAL = {Internat. J. Math.},
  FJOURNAL = {International Journal of Mathematics},
    VOLUME = {15},
      YEAR = {2004},
    NUMBER = {9},
     PAGES = {895--905}
}

@article {EbelingGuseinZadeSeade06,
  author 	= { Ebeling, W. and Gusein-Zade, S.M. },
  title		= { On indices of vector fields and 1-forms on singular varieties },
  year		= { 2006 }
}

@article {GomezMont98,
    AUTHOR = {G\'{o}mez-Mont, Xavier},
     TITLE = {An algebraic formula for the index of a vector field on a
              hypersurface with an isolated singularity},
   JOURNAL = {J. Algebraic Geom.},
  FJOURNAL = {Journal of Algebraic Geometry},
    VOLUME = {7},
      YEAR = {1998},
    NUMBER = {4},
     PAGES = {731--752},
      ISSN = {1056-3911},
   MRCLASS = {32S65},
  MRNUMBER = {1642757},
MRREVIEWER = {Pavao Marde\v{s}i\'{c}},
}

@article {GomezMontSeadeVerjovsky91,
    AUTHOR = {G\'{o}mez-Mont, X. and Seade, J. and Verjovsky, A.},
     TITLE = {The index of a holomorphic flow with an isolated singularity},
   JOURNAL = {Math. Ann.},
  FJOURNAL = {Mathematische Annalen},
    VOLUME = {291},
      YEAR = {1991},
    NUMBER = {4},
     PAGES = {737--751},
      ISSN = {0025-5831},
   MRCLASS = {32S65},
  MRNUMBER = {1135541},
MRREVIEWER = {Felipe Cano Torres},
       DOI = {10.1007/BF01445237},
       URL = {https://doi.org/10.1007/BF01445237},
}

@article {LeTeissier82,
    AUTHOR = {L\^{e} D\~{u}ng Tr\'{a}ng and Teissier, B.},
     TITLE = {Errata: ``{L}ocal polar varieties and {C}hern classes of
              singular varieties''},
   JOURNAL = {Ann. of Math. (2)},
  FJOURNAL = {Annals of Mathematics. Second Series},
    VOLUME = {115},
      YEAR = {1982},
    NUMBER = {3},
     PAGES = {668},
      ISSN = {0003-486X},
   MRCLASS = {32B30},
  MRNUMBER = {657244},
MRREVIEWER = {S. L. Kleiman},
       DOI = {10.2307/2007018},
       URL = {https://doi.org/10.2307/2007018},
}
		

@article {LeTeissier81,
    AUTHOR = {L\^e Dung Tr\`ang and Teissier, B.},
     TITLE = {Vari\'{e}t\'{e}s polaires locales et classes de {C}hern des vari\'{e}t\'{e}s singuli\`eres},
   JOURNAL = {Ann. of Math. (2)},
  FJOURNAL = {Annals of Mathematics. Second Series},
    VOLUME = {114},
      YEAR = {1981},
    NUMBER = {3},
     PAGES = {457--491},
      ISSN = {0003-486X},
   MRCLASS = {32B30},
  MRNUMBER = {634426},
MRREVIEWER = {S. L. Kleiman},
       DOI = {10.2307/1971299},
       URL = {https://doi.org/10.2307/1971299},
}
	
@incollection {Teissier82,
    AUTHOR = {Teissier, Bernard},
     TITLE = {Vari\'{e}t\'{e}s polaires. {II}. {M}ultiplicit\'{e}s polaires, sections
              planes, et conditions de {W}hitney},
 BOOKTITLE = {Algebraic geometry ({L}a {R}\'{a}bida, 1981)},
    SERIES = {Lecture Notes in Math.},
    VOLUME = {961},
     PAGES = {314--491},
 PUBLISHER = {Springer, Berlin},
      YEAR = {1982},
   MRCLASS = {32C42 (32B30 32C40)},
  MRNUMBER = {708342},
       DOI = {10.1007/BFb0071291},
       URL = {https://doi.org/10.1007/BFb0071291},
}	

@article {BrasseletMasseyParameswaranSeade04,
    AUTHOR = {Brasselet, J.-P. and Massey, D. and Parameswaran, A. J. and
              Seade, J.},
     TITLE = {{E}uler obstruction and defects of functions on singular
              varieties},
   JOURNAL = {J. London Math. Soc. (2)},
  FJOURNAL = {Journal of the London Mathematical Society. Second Series},
    VOLUME = {70},
      YEAR = {2004},
    NUMBER = {1},
     PAGES = {59--76},
      ISSN = {0024-6107},
   MRCLASS = {32S60},
  MRNUMBER = {2064752},
MRREVIEWER = {M. G. Soares},
       %DOI = {10.1112/S0024610704005447},
       %URL = {https://doi.org/10.1112/S0024610704005447},
}

@incollection {Whitney65II,
    AUTHOR = {Whitney, Hassler},
     TITLE = {Local properties of analytic varieties},
 BOOKTITLE = {Differential and {C}ombinatorial {T}opology ({A} {S}ymposium
              in {H}onor of {M}arston {M}orse)},
     PAGES = {205--244},
 PUBLISHER = {Princeton Univ. Press, Princeton, N. J.},
      YEAR = {1965},
   MRCLASS = {32.44},
  MRNUMBER = {0188486},
MRREVIEWER = {L. Bungart},
}

@article {Serre55,
    AUTHOR = {Serre, Jean-Pierre},
     TITLE = {G\'{e}om\'{e}trie alg\'{e}brique et g\'{e}om\'{e}trie analytique},
   JOURNAL = {Ann. Inst. Fourier (Grenoble)},
  FJOURNAL = {Universit\'{e} de Grenoble. Annales de l'Institut Fourier},
    VOLUME = {6},
      YEAR = {1955/56},
     PAGES = {1--42},
      ISSN = {0373-0956},
   MRCLASS = {53.3X},
  MRNUMBER = {82175},
MRREVIEWER = {H. Cartan},
       URL = {http://aif.cedram.org/item?id=AIF_1955__6__1_0},
}

@article{Grauert68,
  author = {Grauert, H.},
  title		= { The coherence of direct images },
  journal	= { L'Enseignement math\'ematique },
  volume	= { 16 },
  year		= { 1968 },
  pages		= { 99-119 }
}

@article{Chow49,
  author	= {Chow, W-L.},
  title		= {On compact complex analytic varieties},
  journal	= {Amer. J. of Maths.},
  volume	= {71},
  year		= {1949},
  pages		= {893-914}
}

@article{Grauert60,
  author	= { Grauert, H.},
  title		= { Ein Theorem der analytischen Garbentheorie und die Modulr\"aume komplexer Strukturen},
  journal	= { Publ. Math. IHES },
  volume	= { 5 },
  year		= { 1960 },
  pages		= { 233-292 }
}

@article{Eisenbud88,
  author	= { Eisenbud, D. },
  title		= { Linear Sections of Determinantal Varieties },
  journal	= { American Journal of Mathematics },
  volume	= { 110 },
  number	= { 3 },
  year 		= { 1988 }
}

@book{GreuelPfister08,
  author	= { Greuel, G.-M. and Pfister, G. },
  title		= { {A} {S}ingular {I}ntroduction to {C}ommutative {A}lgebra },
  year		= { 2008 },
  publisher	= { Springer }
}

@article{NabeshimaTajima15,
  author 	= { Nabeshima, K. and Tajima, S.},
  title		= { Computing logarithmic vector fields associated with parametric semi-quasihomogeneous hypersurface isolated singularities},
  journal	= { Proceedings of ISSAC 2015 },
  pages		= { 334--348 },
  year		= { 2015 }
}

@article{TajimaNakamuraNabeshima09,
  author	= { Tajima, S. and Nakamura, Y. and Nabeshima, K. },
  title		= { Standard bases and algebraic local cohomology for zero dimensional ideals },
  journal	= { Advanced studies in Pure Mathematics },
  volume	= { 56 },
  year 		= { 2009 },
  pages		= { 341--361 }
}

@article{Zach22,
  author	= { Zach, M. },
  title		= { A generalization of Milnor's formula },
  journal       = {Mathematische {A}nnalen},
  volume        = {382},
  pages         = {901--942},
  year		= { 2022 }
}

@book {Dimca04,
    AUTHOR = {Dimca, Alexandru},
     TITLE = {Sheaves in topology},
    SERIES = {Universitext},
 PUBLISHER = {Springer-Verlag, Berlin},
      YEAR = {2004},
     PAGES = {xvi+236},
      ISBN = {3-540-20665-5},
   MRCLASS = {55N30 (14F43 32S60 55N25)},
  MRNUMBER = {2050072},
MRREVIEWER = {Ana Jerem\'{\i}as L\'{o}pez},
       DOI = {10.1007/978-3-642-18868-8},
       URL = {https://doi.org/10.1007/978-3-642-18868-8},
}

@article{EbelingGuseinZade05CollectionsOf1Forms, 
  author = { Ebeling, W. and Gusein-Zade, S. M. },
  title = { Chern obstructions for collections of 1-forms on singular varieties },
  year = { 2005 },
  eprint = { ArXiv:math/0503422v1 },
}

@article{Massey01,
  author	= { Massey, D.},
  title		= { A {L}ittle {M}icrolocal {M}orse {T}heory },
  journal	= { {M}ath. {A}nn. },
  volume	= { 321 },
  year 		= { 2001 },
  pages		= { 275-294 }
}

@book{Husemoeller94,
  author	= { Husemoeller, D. },
  title		= { {F}iber {B}undles, third edition },
  publisher	= { Springer },
  year		= { 1994 }
}

@article {GaffneyTrotmanWilson09,
    AUTHOR = {Gaffney, Terence and Trotman, David and Wilson, Leslie},
     TITLE = {Equisingularity of sections, {$(t^r)$} condition, and the
              integral closure of modules},
   JOURNAL = {J. Algebraic Geom.},
  FJOURNAL = {Journal of Algebraic Geometry},
    VOLUME = {18},
      YEAR = {2009},
    NUMBER = {4},
     PAGES = {651--689},
      ISSN = {1056-3911},
   MRCLASS = {32S15 (13C99 32C18)},
  MRNUMBER = {2524594},
MRREVIEWER = {Jo\~{a}o Nivaldo Tomazella},
       DOI = {10.1090/S1056-3911-08-00488-8},
       URL = {https://doi.org/10.1090/S1056-3911-08-00488-8},
}

@article{Zhang17,
  author = 	{ Zhang, X. },
  title	=	{ {L}ocal {E}uler {O}bstruction and {C}hern-{M}ather classes of {D}eterminantal {V}arieties},
  eprint = { ArXiv:1706.02032 },
  year =	{ 2017 }
}

@article {Milnor56,
    AUTHOR = {Milnor, John},
     TITLE = {Construction of universal bundles. {II}},
   JOURNAL = {Ann. of Math. (2)},
  FJOURNAL = {Annals of Mathematics. Second Series},
    VOLUME = {63},
      YEAR = {1956},
     PAGES = {430--436},
      ISSN = {0003-486X},
   MRCLASS = {55.0X},
  MRNUMBER = {77932},
MRREVIEWER = {J. Dugundji},
       DOI = {10.2307/1970012},
       URL = {https://doi.org/10.2307/1970012},
}

@article {Le75,
	Author = {L{\^e}, D.T.},
     TITLE = {La monodromie n'a pas de points fixes},
   JOURNAL = {J. Fac. Sci. Univ. Tokyo Sect. IA Math.},
  FJOURNAL = {Journal of the Faculty of Science. University of Tokyo.
              Section IA. Mathematics},
    VOLUME = {22},
      YEAR = {1975},
    NUMBER = {3},
     PAGES = {409--427},
      ISSN = {0040-8980},
   MRCLASS = {14B05 (32C40)},
  MRNUMBER = {401756},
MRREVIEWER = {Richard Randell},
}

@incollection {Le78,
  Author = {L{\^e}, D.T.},
     TITLE = {The geometry of the monodromy theorem},
 BOOKTITLE = {C. {P}. {R}amanujam---a tribute},
    SERIES = {Tata Inst. Fund. Res. Studies in Math.},
    VOLUME = {8},
     PAGES = {157--173},
 PUBLISHER = {Springer, Berlin-New York},
      YEAR = {1978},
   MRCLASS = {32B30 (14B05 55R10)},
  MRNUMBER = {541020},
MRREVIEWER = {Peter Giblin},
}

@incollection {Gonzalez81,
    AUTHOR = {Gonz\'{a}lez-Sprinberg, Gerardo},
     TITLE = {L'obstruction locale d'{E}uler et le th\'{e}or\`eme de
              {M}ac{P}herson},
 BOOKTITLE = {The {E}uler-{P}oincar\'{e} characteristic ({F}rench)},
    SERIES = {Ast\'{e}risque},
    VOLUME = {83},
     PAGES = {7--32},
 PUBLISHER = {Soc. Math. France, Paris},
      YEAR = {1981},
   MRCLASS = {32J25 (14C30 14F25 32C10)},
  MRNUMBER = {629121},
}

@book {Procesi07,
    AUTHOR = {Procesi, Claudio},
     TITLE = {Lie groups},
    SERIES = {Universitext},
      NOTE = {An approach through invariants and representations},
 PUBLISHER = {Springer, New York},
      YEAR = {2007},
     PAGES = {xxiv+596},
      ISBN = {978-0-387-26040-2; 0-387-26040-4},
   MRCLASS = {22E10 (05E10 05E15 14L24 14M15 17B10 20G05 22-02)},
  MRNUMBER = {2265844},
MRREVIEWER = {James E. Humphreys},
}

@book {Fulton98,
    AUTHOR = {Fulton, William},
     TITLE = {Intersection theory},
    SERIES = {Ergebnisse der Mathematik und ihrer Grenzgebiete. 3. Folge. A
              Series of Modern Surveys in Mathematics [Results in
              Mathematics and Related Areas. 3rd Series. A Series of Modern
              Surveys in Mathematics]},
    VOLUME = {2},
   EDITION = {Second},
 PUBLISHER = {Springer-Verlag, Berlin},
      YEAR = {1998},
     PAGES = {xiv+470},
      ISBN = {3-540-62046-X; 0-387-98549-2},
   MRCLASS = {14C17 (14-02)},
  MRNUMBER = {1644323},
       DOI = {10.1007/978-1-4612-1700-8},
       URL = {https://doi.org/10.1007/978-1-4612-1700-8},
}

@article {BruceRoberts88,
    AUTHOR = {Bruce, J. W. and Roberts, R. M.},
     TITLE = {Critical points of functions on analytic varieties},
   JOURNAL = {Topology},
  FJOURNAL = {Topology. An International Journal of Mathematics},
    VOLUME = {27},
      YEAR = {1988},
    NUMBER = {1},
     PAGES = {57--90},
      ISSN = {0040-9383},
   MRCLASS = {32B30},
  MRNUMBER = {935528},
MRREVIEWER = {Hiroaki Terao},
       DOI = {10.1016/0040-9383(88)90007-9},
       URL = {https://doi.org/10.1016/0040-9383(88)90007-9},
}

@article {DutertreGrulha20,
    AUTHOR = {Dutertre, N. and Grulha, Jr., N. G.},
     TITLE = {Global {E}uler obstruction, global {B}rasselet numbers and
              critical points},
   JOURNAL = {Proc. Roy. Soc. Edinburgh Sect. A},
  FJOURNAL = {Proceedings of the Royal Society of Edinburgh. Section A.
              Mathematics},
    VOLUME = {150},
      YEAR = {2020},
    NUMBER = {5},
     PAGES = {2503--2534},
      ISSN = {0308-2105},
   MRCLASS = {14B05 (32C18 58K45)},
  MRNUMBER = {4153622},
       DOI = {10.1017/prm.2019.30},
       URL = {https://doi.org/10.1017/prm.2019.30},
}

@article {DutertreGrulha14,
    AUTHOR = {Dutertre, N. and Grulha, Jr., N. G.},
     TITLE = {Some notes on the {E}uler obstruction of a function},
   JOURNAL = {J. Singul.},
  FJOURNAL = {Journal of Singularities},
    VOLUME = {10},
      YEAR = {2014},
     PAGES = {82--91},
   MRCLASS = {32C18 (14B05 32S05 58K45)},
  MRNUMBER = {3300287},
MRREVIEWER = {Patrick Popescu-Pampu},
       DOI = {10.5427/jsing.2014.10e},
       URL = {https://doi.org/10.5427/jsing.2014.10e},
}

@article {DutertreGrulha14LeGreuel,
    AUTHOR = {Dutertre, N. and Grulha, Jr., N. G.},
     TITLE = {L\^{e}-{G}reuel type formula for the {E}uler obstruction and
              applications},
   JOURNAL = {Adv. Math.},
  FJOURNAL = {Advances in Mathematics},
    VOLUME = {251},
      YEAR = {2014},
     PAGES = {127--146},
      ISSN = {0001-8708},
   MRCLASS = {14B05 (32C18 32S50 58K45)},
  MRNUMBER = {3130338},
MRREVIEWER = {Maria Aparecida Soares Ruas},
       DOI = {10.1016/j.aim.2013.10.023},
       URL = {https://doi.org/10.1016/j.aim.2013.10.023},
}

@article {BuchsbaumEisenbud75,
    AUTHOR = {Buchsbaum, D.A. and Eisenbud, D.},
     TITLE = {Generic free resolutions and a family of generically perfect
              ideals},
   JOURNAL = {Advances in Math.},
  FJOURNAL = {Advances in Mathematics},
    VOLUME = {18},
      YEAR = {1975},
    NUMBER = {3},
     PAGES = {245--301},
      ISSN = {0001-8708},
   MRCLASS = {13C10 (14M05)},
  MRNUMBER = {396528},
MRREVIEWER = {Melvin Hochster},
       DOI = {10.1016/0001-8708(75)90046-8},
       URL = {https://doi.org/10.1016/0001-8708(75)90046-8},
}

@article {Suslin76,
    AUTHOR = {Suslin, A. A.},
     TITLE = {Projective modules over polynomial rings are free},
   JOURNAL = {Dokl. Akad. Nauk SSSR},
  FJOURNAL = {Doklady Akademii Nauk SSSR},
    VOLUME = {229},
      YEAR = {1976},
    NUMBER = {5},
     PAGES = {1063--1066},
      ISSN = {0002-3264},
   MRCLASS = {13C10 (13F20 14F05)},
  MRNUMBER = {0469905},
MRREVIEWER = {H. Bass},
}

@article {Quillen76,
    AUTHOR = {Quillen, Daniel},
     TITLE = {Projective modules over polynomial rings},
   JOURNAL = {Invent. Math.},
  FJOURNAL = {Inventiones Mathematicae},
    VOLUME = {36},
      YEAR = {1976},
     PAGES = {167--171},
      ISSN = {0020-9910},
   MRCLASS = {13C10},
  MRNUMBER = {427303},
MRREVIEWER = {Daniel Lazard},
       DOI = {10.1007/BF01390008},
       URL = {https://doi.org/10.1007/BF01390008},
}

@article {BuchsbaumRim64,
    AUTHOR = {Buchsbaum, D.A. and Rim, Dock S.},
     TITLE = {A generalized {K}oszul complex. {II}. {D}epth and
              multiplicity},
   JOURNAL = {Trans. Amer. Math. Soc.},
  FJOURNAL = {Transactions of the American Mathematical Society},
    VOLUME = {111},
      YEAR = {1964},
     PAGES = {197--224},
      ISSN = {0002-9947},
   MRCLASS = {13.90 (18.20)},
  MRNUMBER = {159860},
MRREVIEWER = {P. Samuel},
       DOI = {10.2307/1994241},
       URL = {https://doi.org/10.2307/1994241},
}

@article {Kirby74,
    AUTHOR = {Kirby, D.},
     TITLE = {A sequence of complexes associated with a matrix},
   JOURNAL = {J. London Math. Soc. (2)},
  FJOURNAL = {Journal of the London Mathematical Society. Second Series},
    VOLUME = {7},
      YEAR = {1974},
     PAGES = {523--530},
      ISSN = {0024-6107},
   MRCLASS = {13D99},
  MRNUMBER = {337939},
MRREVIEWER = {Y. C. Wu},
       DOI = {10.1112/jlms/s2-7.3.523},
       URL = {https://doi.org/10.1112/jlms/s2-7.3.523},
}

@incollection {BuchsbaumEisenbud73,
    AUTHOR = {Buchsbaum, D.A. and Eisenbud, D.},
     TITLE = {Remarks on ideals and resolutions},
 BOOKTITLE = {Symposia {M}athematica, {V}ol. {XI} ({C}onvegno di {A}lgebra
              {C}ommutativa, {INDAM}, {R}ome, 1971)},
     PAGES = {193--204},
      YEAR = {1973},
   MRCLASS = {13H10 (13C10)},
  MRNUMBER = {0337946},
MRREVIEWER = {R. M. Fossum},
}

@article {ChristensenWintherVelicheWeyman20,
    AUTHOR = {Christensen, Lars Winther and Veliche, Oana and Weyman, Jerzy},
     TITLE = {Minors of a skew symmetric matrix: a combinatorial approach},
   JOURNAL = {Electron. J. Linear Algebra},
  FJOURNAL = {Electronic Journal of Linear Algebra},
    VOLUME = {36},
      YEAR = {2020},
     PAGES = {658--663},
   MRCLASS = {15A15 (15A24 15B57)},
  MRNUMBER = {4165809},
}

@article {PragaczWeyman90,
    AUTHOR = {Pragacz, P. and Weyman, J.},
     TITLE = {On the generic free resolutions},
   JOURNAL = {J. Algebra},
  FJOURNAL = {Journal of Algebra},
    VOLUME = {128},
      YEAR = {1990},
    NUMBER = {1},
     PAGES = {1--44},
      ISSN = {0021-8693},
   MRCLASS = {13D25 (05E10 20C30)},
  MRNUMBER = {1031910},
MRREVIEWER = {Matthew Miller},
       DOI = {10.1016/0021-8693(90)90042-M},
       URL = {https://doi.org/10.1016/0021-8693(90)90042-M},
}

@incollection {PragaczWeyman86,
    AUTHOR = {Pragacz, P. and Weyman, J.},
     TITLE = {On the construction of resolutions of determinantal ideals: a
              survey},
 BOOKTITLE = {S\'{e}minaire d'alg\`ebre {P}aul {D}ubreil et {M}arie-{P}aule
              {M}alliavin, 37\`eme ann\'{e}e ({P}aris, 1985)},
    SERIES = {Lecture Notes in Math.},
    VOLUME = {1220},
     PAGES = {73--92},
 PUBLISHER = {Springer, Berlin},
      YEAR = {1986},
   MRCLASS = {14M12 (13D25)},
  MRNUMBER = {926298},
MRREVIEWER = {Andrew Kustin},
       DOI = {10.1007/BFb0099506},
       URL = {https://doi.org/10.1007/BFb0099506},
}

@article {PragaczWeyman85,
    AUTHOR = {Pragacz, Piotr and Weyman, Jerzy},
     TITLE = {Complexes associated with trace and evaluation. {A}nother
              approach to {L}ascoux's resolution},
   JOURNAL = {Adv. in Math.},
  FJOURNAL = {Advances in Mathematics},
    VOLUME = {57},
      YEAR = {1985},
    NUMBER = {2},
     PAGES = {163--207},
      ISSN = {0001-8708},
   MRCLASS = {14M12 (13D25 15A72)},
  MRNUMBER = {803010},
MRREVIEWER = {A. Kh. Kushkule\u{\i}},
       DOI = {10.1016/0001-8708(85)90052-0},
       URL = {https://doi.org/10.1016/0001-8708(85)90052-0},
}

@article {GulliksenNegard72,
    AUTHOR = {Gulliksen, T.H. and Neg\.{a}rd, O.G.},
     TITLE = {Un complexe r\'{e}solvant pour certains id\'{e}aux d\'{e}terminantiels},
   JOURNAL = {C. R. Acad. Sci. Paris S\'{e}r. A-B},
  FJOURNAL = {Comptes Rendus Hebdomadaires des S\'{e}ances de l'Acad\'{e}mie des
              Sciences. S\'{e}ries A et B},
    VOLUME = {274},
      YEAR = {1972},
     PAGES = {A16--A18},
      ISSN = {0151-0509},
   MRCLASS = {13D99},
  MRNUMBER = {296063},
MRREVIEWER = {Melvin Hochster},
}

@article {AkinBuchsbaumWeyman81,
    AUTHOR = {Akin, K. and Buchsbaum, D.A. and Weyman, J.},
     TITLE = {Resolutions of determinantal ideals: the submaximal minors},
   JOURNAL = {Adv. in Math.},
  FJOURNAL = {Advances in Mathematics},
    VOLUME = {39},
      YEAR = {1981},
    NUMBER = {1},
     PAGES = {1--30},
      ISSN = {0001-8708},
   MRCLASS = {13D25 (14M12)},
  MRNUMBER = {605350},
MRREVIEWER = {J\"{u}rgen Herzog},
       DOI = {10.1016/0001-8708(81)90055-4},
       URL = {https://doi.org/10.1016/0001-8708(81)90055-4},
}

@article {Ma93,
    AUTHOR = {Ma, Yonghao},
     TITLE = {The first syzygies of determinantal ideals},
   JOURNAL = {J. Pure Appl. Algebra},
  FJOURNAL = {Journal of Pure and Applied Algebra},
    VOLUME = {85},
      YEAR = {1993},
    NUMBER = {1},
     PAGES = {73--103},
      ISSN = {0022-4049},
   MRCLASS = {13D02 (13C40 13P10)},
  MRNUMBER = {1207069},
MRREVIEWER = {Piotr Pragacz},
       DOI = {10.1016/0022-4049(93)90172-P},
       URL = {https://doi.org/10.1016/0022-4049(93)90172-P},
}

@article {Kurano89,
    AUTHOR = {Kurano, Kazuhiko},
     TITLE = {The first syzygies of determinantal ideals},
   JOURNAL = {J. Algebra},
  FJOURNAL = {Journal of Algebra},
    VOLUME = {124},
      YEAR = {1989},
    NUMBER = {2},
     PAGES = {414--436},
      ISSN = {0021-8693},
   MRCLASS = {14M12 (13D25 20G05)},
  MRNUMBER = {1011604},
MRREVIEWER = {Piotr Pragacz},
       DOI = {10.1016/0021-8693(89)90140-3},
       URL = {https://doi.org/10.1016/0021-8693(89)90140-3},
}

@incollection {KodiyalamLamSwan08,
    AUTHOR = {Kodiyalam, Vijay and Lam, T. Y. and Swan, R. G.},
     TITLE = {Determinantal ideals, {P}faffian ideals, and the principal
              minor theorem},
 BOOKTITLE = {Noncommutative rings, group rings, diagram algebras and their
              applications},
    SERIES = {Contemp. Math.},
    VOLUME = {456},
     PAGES = {35--60},
 PUBLISHER = {Amer. Math. Soc., Providence, RI},
      YEAR = {2008},
   MRCLASS = {13C40 (15A15)},
  MRNUMBER = {2416143},
       DOI = {10.1090/conm/456/08883},
       URL = {https://doi.org/10.1090/conm/456/08883},
}

@book {Macaulay16,
    AUTHOR = {Macaulay, F. S.},
     TITLE = {The algebraic theory of modular systems},
    SERIES = {Cambridge Mathematical Library},
      NOTE = {Revised reprint of the 1916 original,
              With an introduction by Paul Roberts},
 PUBLISHER = {Cambridge University Press, Cambridge},
      YEAR = {1994},
     PAGES = {xxxii+112},
      ISBN = {0-521-45562-6},
   MRCLASS = {13-03 (01A75 14-03)},
  MRNUMBER = {1281612},
MRREVIEWER = {P. Schenzel},
}

@article {Sharpe64,
    AUTHOR = {Sharpe, D. W.},
     TITLE = {On certain polynomial ideals defined by matrices},
   JOURNAL = {Quart. J. Math. Oxford Ser. (2)},
  FJOURNAL = {The Quarterly Journal of Mathematics. Oxford. Second Series},
    VOLUME = {15},
      YEAR = {1964},
     PAGES = {155--175},
      ISSN = {0033-5606},
   MRCLASS = {13.93 (16.00)},
  MRNUMBER = {163927},
MRREVIEWER = {K. R. Mount},
       DOI = {10.1093/qmath/15.1.155},
       URL = {https://doi.org/10.1093/qmath/15.1.155},
}

@article {Hilbert90,
    AUTHOR = {Hilbert, D.},
     TITLE = {Ueber die {T}heorie der algebraischen {F}ormen},
   JOURNAL = {Math. Ann.},
  FJOURNAL = {Mathematische Annalen},
    VOLUME = {36},
      YEAR = {1890},
    NUMBER = {4},
     PAGES = {473--534},
      ISSN = {0025-5831},
   MRCLASS = {DML},
  MRNUMBER = {1510634},
       DOI = {10.1007/BF01208503},
       URL = {https://doi.org/10.1007/BF01208503},
}

@article {Burch68,
    AUTHOR = {Burch, L.},
     TITLE = {On ideals of finite homological dimension in local rings},
   JOURNAL = {Proc. Cambridge Philos. Soc.},
  FJOURNAL = {Proceedings of the Cambridge Philosophical Society},
    VOLUME = {64},
      YEAR = {1968},
     PAGES = {941--948},
      ISSN = {0008-1981},
   MRCLASS = {13.95},
  MRNUMBER = {229634},
MRREVIEWER = {L. J. Ratliff, Jr.},
       DOI = {10.1017/s0305004100043620},
       URL = {https://doi.org/10.1017/s0305004100043620},
}

@book {GriffithsHarris78,
    AUTHOR = {Griffiths, Phillip and Harris, Joseph},
     TITLE = {Principles of algebraic geometry},
      NOTE = {Pure and Applied Mathematics},
 PUBLISHER = {Wiley-Interscience [John Wiley \& Sons], New York},
      YEAR = {1978},
     PAGES = {xii+813},
      ISBN = {0-471-32792-1},
   MRCLASS = {14-01},
  MRNUMBER = {507725},
MRREVIEWER = {Gerhard Pfister},
}

@article {MacPherson74,
    AUTHOR = {MacPherson, R. D.},
     TITLE = {Chern classes for singular algebraic varieties},
   JOURNAL = {Ann. of Math. (2)},
  FJOURNAL = {Annals of Mathematics. Second Series},
    VOLUME = {100},
      YEAR = {1974},
     PAGES = {423--432},
      ISSN = {0003-486X},
   MRCLASS = {32C10 (14F25 57D20)},
  MRNUMBER = {361141},
MRREVIEWER = {Y. Yomdin},
       DOI = {10.2307/1971080},
       URL = {https://doi.org/10.2307/1971080},
}

@inproceedings {MacPherson77,
    AUTHOR = {MacPherson, Robert},
     TITLE = {Characteristic classes for singular varieties},
 BOOKTITLE = {Proceedings of the {N}inth {B}razilian {M}athematical
              {C}olloquium ({P}o\c{c}os de {C}aldas, 1973), {V}ol. {II}
              ({P}ortuguese)},
     PAGES = {321--327},
 PUBLISHER = {Inst. Mat. Pura Apl., S\~{a}o Paulo},
      YEAR = {1977},
   MRCLASS = {57R20 (14F12 14F45 32C10)},
  MRNUMBER = {534464},
MRREVIEWER = {J. S. Joel},
}

@article {Artin69,
    AUTHOR = {Artin, M.},
     TITLE = {Algebraic approximation of structures over complete local
              rings},
   JOURNAL = {Inst. Hautes \'{E}tudes Sci. Publ. Math.},
  FJOURNAL = {Institut des Hautes \'{E}tudes Scientifiques. Publications
              Math\'{e}matiques},
    NUMBER = {36},
      YEAR = {1969},
     PAGES = {23--58},
      ISSN = {0073-8301},
   MRCLASS = {14.05},
  MRNUMBER = {268188},
MRREVIEWER = {H. Kurke},
       URL = {http://www.numdam.org/item?id=PMIHES_1969__36__23_0},
}

@article{GaffneyMolino20,
  author = 	{ Gaffney, T. and Molino, M. },
  title = 	{ Symmetric determinantal singularities {I}: the multiplicity of the polar curve },
  eprint =	{ ArXiv:2003.12543v1 },
  year =	{ 2020 }
}

@article {Wall81,
    AUTHOR = {Wall, C. T. C.},
     TITLE = {Finite determinacy of smooth map-germs},
   JOURNAL = {Bull. London Math. Soc.},
  FJOURNAL = {The Bulletin of the London Mathematical Society},
    VOLUME = {13},
      YEAR = {1981},
    NUMBER = {6},
     PAGES = {481--539},
      ISSN = {0024-6093},
   MRCLASS = {58C27 (57R45)},
  MRNUMBER = {634595},
MRREVIEWER = {G. N. Khimshiashvili},
       DOI = {10.1112/blms/13.6.481},
       URL = {https://doi.org/10.1112/blms/13.6.481},
}

@book{BallesterosMond20,
  author = { Nu\~no-Ballesteros, J.J. and Mond, D. },
  title = { Singularities of {M}appings },
  year	= { 2020 },
  publisher = { Springer Verlag },
  series = { {G}rundlehren der mathematischen {W}issenschaften },
  volume = { 357 }
}

@book {GolubitskyGuillemin73,
    AUTHOR = {Golubitsky, M. and Guillemin, V.},
     TITLE = {Stable mappings and their singularities},
      NOTE = {Graduate Texts in Mathematics, Vol. 14},
 PUBLISHER = {Springer-Verlag, New York-Heidelberg},
      YEAR = {1973},
     PAGES = {x+209},
   MRCLASS = {58C25},
  MRNUMBER = {0341518},
MRREVIEWER = {G. R. Belickii},
}

@article {Thom54,
    AUTHOR = {Thom, R.},
     TITLE = {Quelques propri\'{e}t\'{e}s globales des vari\'{e}t\'{e}s diff\'{e}rentiables},
   JOURNAL = {Comment. Math. Helv.},
  FJOURNAL = {Commentarii Mathematici Helvetici},
    VOLUME = {28},
      YEAR = {1954},
     PAGES = {17--86},
      ISSN = {0010-2571},
   MRCLASS = {56.0X},
  MRNUMBER = {61823},
MRREVIEWER = {W. S. Massey},
       DOI = {10.1007/BF02566923},
       URL = {https://doi.org/10.1007/BF02566923},
}

@article {KasSchlessinger72,
    AUTHOR = {Kas, A. and Schlessinger, M.},
     TITLE = {On the versal deformation of a complex space with an isolated
              singularity},
   JOURNAL = {Math. Ann.},
  FJOURNAL = {Mathematische Annalen},
    VOLUME = {196},
      YEAR = {1972},
     PAGES = {23--29},
      ISSN = {0025-5831},
   MRCLASS = {32G05},
  MRNUMBER = {294701},
MRREVIEWER = {G. K. Kiremidjian},
       DOI = {10.1007/BF01419428},
       URL = {https://doi.org/10.1007/BF01419428},
}

@article {Tjurina69,
    AUTHOR = {Tjurina, G. N.},
     TITLE = {Locally semi-universal flat deformations of isolated
              singularities of complex spaces},
   JOURNAL = {Izv. Akad. Nauk SSSR Ser. Mat.},
  FJOURNAL = {Izvestiya Akademii Nauk SSSR. Seriya Matematicheskaya},
    VOLUME = {33},
      YEAR = {1969},
     PAGES = {1026--1058},
      ISSN = {0373-2436},
   MRCLASS = {32.50},
  MRNUMBER = {0252685},
MRREVIEWER = {A. Morimoto},
}

@inproceedings {KleppeLaskov79,
    AUTHOR = {Kleppe, H. and Laksov, D.},
     TITLE = {The generic perfectness of determinantal schemes},
 BOOKTITLE = {Algebraic geometry ({P}roc. {S}ummer {M}eeting, {U}niv.
              {C}openhagen, {C}openhagen, 1978)},
    SERIES = {Lecture Notes in Math.},
    VOLUME = {732},
     PAGES = {244--252},
 PUBLISHER = {Springer, Berlin},
      YEAR = {1979},
   MRCLASS = {13C13 (14M12)},
  MRNUMBER = {555702},
MRREVIEWER = {Ezio Stagnaro},
}

@article {BelitskiiKerner19,
    AUTHOR = {Belitskii, G. and Kerner, D. },
     TITLE = {Finite determinacy of matrices over local rings. {T}angent
              modules to the miniversal deformation for {$R$}-linear group
              actions},
   JOURNAL = {J. Pure Appl. Algebra},
  FJOURNAL = {Journal of Pure and Applied Algebra},
    VOLUME = {223},
      YEAR = {2019},
    NUMBER = {3},
     PAGES = {1288--1321},
      ISSN = {0022-4049},
   MRCLASS = {58K40 (14B07 15A21 58K50)},
  MRNUMBER = {3862679},
MRREVIEWER = {Thuy Thi Bich Nguyen},
       DOI = {10.1016/j.jpaa.2018.06.007},
       URL = {https://doi.org/10.1016/j.jpaa.2018.06.007},
}

@inproceedings {BuchsbaumEisenbud72,
    AUTHOR = {Buchsbaum, D.A. and Eisenbud, D.},
     TITLE = {Lifting modules and a theorem on finite free resolutions},
 BOOKTITLE = {Ring theory ({P}roc. {C}onf., {P}ark {C}ity, {U}tah, 1971)},
     PAGES = {63--74},
      YEAR = {1972},
   MRCLASS = {16A64},
  MRNUMBER = {0340343},
MRREVIEWER = {J. L. Dawson},
}

@article {Arnold78,
    AUTHOR = {Arnold, V. I.},
     TITLE = {Critical points of functions on a manifold with boundary, the
              simple {L}ie groups {$B_{k}$}, {$C_{k}$}, {$F_{4}$} and
              singularities of evolutes},
   JOURNAL = {Uspekhi Mat. Nauk},
  FJOURNAL = {Akademiya Nauk SSSR i Moskovskoe Matematicheskoe Obshchestvo.
              Uspekhi Matematicheskikh Nauk},
    VOLUME = {33},
      YEAR = {1978},
    NUMBER = {5(203)},
     PAGES = {91--105, 237},
      ISSN = {0042-1316},
   MRCLASS = {58C25 (14B05 14B07 32C40 58C27 58F14)},
  MRNUMBER = {511883},
MRREVIEWER = {Helmut Hamm},
}

@article{Goryunov21,
  author =	{ Goryunov, V. },
  title =	{ Vanishing cycles of matrix singularities },
  journal =	{ {J}. {L}ondon {M}ath. {S}oc. },
  volume =	{ 103 },
  issue =	{ 2 }, 
  year =	{ 2021 },
  pages =	{ 991 -- 1015 }
}

@article {Damon87,
    AUTHOR = {Damon, J.},
     TITLE = {Deformations of sections of singularities and {G}orenstein
              surface singularities},
   JOURNAL = {Amer. J. Math.},
  FJOURNAL = {American Journal of Mathematics},
    VOLUME = {109},
      YEAR = {1987},
    NUMBER = {4},
     PAGES = {695--721},
      ISSN = {0002-9327},
   MRCLASS = {58C27 (14B07 14B12 32B30 32G11)},
  MRNUMBER = {900036},
MRREVIEWER = {Bernd Herzog},
       DOI = {10.2307/2374610},
       URL = {https://doi.org/10.2307/2374610},
}

@article {GreuelMartinPfister85,
    AUTHOR = {Greuel, G.-M. and Martin, B. and Pfister, G.},
     TITLE = {Numerische {C}harakterisierung quasihomogener
              {G}orenstein-{K}urvensingularit\"{a}ten},
   JOURNAL = {Math. Nachr.},
  FJOURNAL = {Mathematische Nachrichten},
    VOLUME = {124},
      YEAR = {1985},
     PAGES = {123--131},
      ISSN = {0025-584X},
   MRCLASS = {14H20 (14B05 32B30)},
  MRNUMBER = {827894},
MRREVIEWER = {Ulrich Karras},
       DOI = {10.1002/mana.19851240109},
       URL = {https://doi.org/10.1002/mana.19851240109},
}

@article {Wahl85,
    AUTHOR = {Wahl, Jonathan M.},
     TITLE = {A characterization of quasihomogeneous {G}orenstein surface
              singularities},
   JOURNAL = {Compositio Math.},
  FJOURNAL = {Compositio Mathematica},
    VOLUME = {55},
      YEAR = {1985},
    NUMBER = {3},
     PAGES = {269--288},
      ISSN = {0010-437X},
   MRCLASS = {32B30 (14B07 14J17 32G11)},
  MRNUMBER = {799816},
MRREVIEWER = {Ulrich Karras},
       URL = {http://www.numdam.org/item?id=CM_1985__55_3_269_0},
}

@article {Vosegaard02,
    AUTHOR = {Vosegaard, H.},
     TITLE = {A characterization of quasi-homogeneous complete intersection
              singularities},
   JOURNAL = {J. Algebraic Geom.},
  FJOURNAL = {Journal of Algebraic Geometry},
    VOLUME = {11},
      YEAR = {2002},
    NUMBER = {3},
     PAGES = {581--597},
      ISSN = {1056-3911},
   MRCLASS = {32S35 (14B05 32S05)},
  MRNUMBER = {1894939},
MRREVIEWER = {Alexandru Dimca},
       DOI = {10.1090/S1056-3911-02-00298-9},
       URL = {https://doi.org/10.1090/S1056-3911-02-00298-9},
}

@incollection {Hertling01,
    AUTHOR = {Hertling, Claus},
     TITLE = {Frobenius manifolds and variance of the spectral numbers},
 BOOKTITLE = {New developments in singularity theory ({C}ambridge, 2000)},
    SERIES = {NATO Sci. Ser. II Math. Phys. Chem.},
    VOLUME = {21},
     PAGES = {235--255},
 PUBLISHER = {Kluwer Acad. Publ., Dordrecht},
      YEAR = {2001},
   MRCLASS = {53D45 (32S25 32S30)},
  MRNUMBER = {1849311},
MRREVIEWER = {Anton Dzhamay},
}

@incollection {Bruce03,
    AUTHOR = {Bruce, J. W.},
     TITLE = {On families of symmetric matrices},
      NOTE = {Dedicated to Vladimir I. Arnold on the occasion of his 65th
              birthday},
   JOURNAL = {Mosc. Math. J.},
  FJOURNAL = {Moscow Mathematical Journal},
    VOLUME = {3},
      YEAR = {2003},
    NUMBER = {2},
     PAGES = {335--360, 741},
      ISSN = {1609-3321},
   MRCLASS = {58K40 (15A21 15A57)},
  MRNUMBER = {2025264},
MRREVIEWER = {Guangfeng Jiang},
       DOI = {10.17323/1609-4514-2003-3-2-335-360},
       URL = {https://doi.org/10.17323/1609-4514-2003-3-2-335-360},
}

@incollection {Siersma91_2,
    AUTHOR = {Siersma, D.},
     TITLE = {Vanishing cycles and special fibres},
 BOOKTITLE = {Singularity theory and its applications, {P}art {I}
              ({C}oventry, 1988/1989)},
    SERIES = {Lecture Notes in Math.},
    VOLUME = {1462},
     PAGES = {292--301},
 PUBLISHER = {Springer, Berlin},
      YEAR = {1991},
   MRCLASS = {32S30 (32S50)},
  MRNUMBER = {1129039},
MRREVIEWER = {Jan Stevens},
       DOI = {10.1007/BFb0086389},
       URL = {https://doi.org/10.1007/BFb0086389},
}

@article {KleppeLaksov80,
    AUTHOR = {Kleppe, H. and Laksov, D.},
     TITLE = {The algebraic structure and deformation of {P}faffian schemes},
   JOURNAL = {J. Algebra},
  FJOURNAL = {Journal of Algebra},
    VOLUME = {64},
      YEAR = {1980},
    NUMBER = {1},
     PAGES = {167--189},
      ISSN = {0021-8693},
   MRCLASS = {14M12 (14B07)},
  MRNUMBER = {575789},
MRREVIEWER = {Luchezar L. Avramov},
       DOI = {10.1016/0021-8693(80)90140-4},
       URL = {https://doi.org/10.1016/0021-8693(80)90140-4},
}

@article {Gaffney93,
    AUTHOR = {Gaffney, T.},
     TITLE = {Polar multiplicities and equisingularity of map germs},
   JOURNAL = {Topology},
  FJOURNAL = {Topology. An International Journal of Mathematics},
    VOLUME = {32},
      YEAR = {1993},
    NUMBER = {1},
     PAGES = {185--223},
      ISSN = {0040-9383},
   MRCLASS = {32S15 (58C27)},
  MRNUMBER = {1204414},
MRREVIEWER = {V. D. Sedykh},
       DOI = {10.1016/0040-9383(93)90045-W},
       URL = {https://doi.org/10.1016/0040-9383(93)90045-W},
}

@article {Saito80,
    AUTHOR = {Saito, Kyoji},
     TITLE = {Theory of logarithmic differential forms and logarithmic
              vector fields},
   JOURNAL = {J. Fac. Sci. Univ. Tokyo Sect. IA Math.},
  FJOURNAL = {Journal of the Faculty of Science. University of Tokyo.
              Section IA. Mathematics},
    VOLUME = {27},
      YEAR = {1980},
    NUMBER = {2},
     PAGES = {265--291},
      ISSN = {0040-8980},
   MRCLASS = {32G11 (14D05 32B30)},
  MRNUMBER = {586450},
MRREVIEWER = {Zoghman Mebkhout},
}

@article {Jozefiak78,
    AUTHOR = {J\'{o}zefiak, T.},
     TITLE = {Ideals generated by minors of a symmetric matrix},
   JOURNAL = {Comment. Math. Helv.},
  FJOURNAL = {Commentarii Mathematici Helvetici},
    VOLUME = {53},
      YEAR = {1978},
    NUMBER = {4},
     PAGES = {595--607},
      ISSN = {0010-2571},
   MRCLASS = {14M12 (13C15 13D25)},
  MRNUMBER = {511849},
MRREVIEWER = {David W. Sharpe},
       DOI = {10.1007/BF02566100},
       URL = {https://doi.org/10.1007/BF02566100},
}

@article {Kutz74,
    AUTHOR = {Kutz, R.E.},
     TITLE = {Cohen-{M}acaulay rings and ideal theory in rings of invariants
              of algebraic groups},
   JOURNAL = {Trans. Amer. Math. Soc.},
  FJOURNAL = {Transactions of the American Mathematical Society},
    VOLUME = {194},
      YEAR = {1974},
     PAGES = {115--129},
      ISSN = {0002-9947},
   MRCLASS = {13C15 (13H10 14M15 15A72 20G15)},
  MRNUMBER = {352082},
MRREVIEWER = {Melvin Hochster},
       DOI = {10.2307/1996796},
       URL = {https://doi.org/10.2307/1996796},
}

@article {JozefiakPragacz79,
    AUTHOR = {J\'{o}zefiak, T. and Pragacz, P.},
     TITLE = {Ideals generated by {P}faffians},
   JOURNAL = {J. Algebra},
  FJOURNAL = {Journal of Algebra},
    VOLUME = {61},
      YEAR = {1979},
    NUMBER = {1},
     PAGES = {189--198},
      ISSN = {0021-8693},
   MRCLASS = {13D25 (14M12)},
  MRNUMBER = {554859},
MRREVIEWER = {E. Graham Evans, Jr.},
       DOI = {10.1016/0021-8693(79)90313-2},
       URL = {https://doi.org/10.1016/0021-8693(79)90313-2},
}

@article{Damon16,
  author =	{ Damon, J. },
  title =	{ {T}opology of {E}xceptional {O}rbit {H}ypersurfaces of {P}rehomogeneous {S}paces},
  journal =	{ {J}ournal of {T}opology },
  volume =	{ 9 },
  year =	{ 2016 },
  pages =	{ 797--825 },
  URL = 	{https://doi.org/10.1112/jtopol/jtw006},
}

@article {Damon18,
    AUTHOR = {Damon, J.},
     TITLE = {Schubert decomposition for {M}ilnor fibers of the varieties of
              singular matrices},
   JOURNAL = {J. Singul.},
  FJOURNAL = {Journal of Singularities},
    VOLUME = {18},
      YEAR = {2018},
     PAGES = {358--396},
   MRCLASS = {32S25 (11S90 14N15 20G05 32S55 55R80 57T15)},
  MRNUMBER = {3899547},
MRREVIEWER = {Eduardo S. Zeron},
       DOI = {10.5427/jsing.2018.18s},
       URL = {https://doi.org/10.5427/jsing.2018.18s},
}

@book {Svanes72,
    AUTHOR = {Svanes, T.},
     TITLE = {C{OHERENT} {COHOMOLOGY} {ON} {FLAG} {MANIFOLDS} {AND}
              {RIGIDITY}},
      NOTE = {Thesis (Ph.D.)--Massachusetts Institute of Technology},
 PUBLISHER = {ProQuest LLC, Ann Arbor, MI},
      YEAR = {1972},
     PAGES = {(no paging)},
   MRCLASS = {Thesis},
  MRNUMBER = {2940248},
       URL =
              {http://gateway.proquest.com/openurl?url_ver=Z39.88-2004&rft_val_fmt=info:ofi/fmt:kev:mtx:dissertation&res_dat=xri:pqdiss&rft_dat=xri:pqdiss:0233189},
}

@article {Wahl79,
    AUTHOR = {Wahl, J.M.},
     TITLE = {Simultaneous resolution and discriminantal loci},
   JOURNAL = {Duke Math. J.},
  FJOURNAL = {Duke Mathematical Journal},
    VOLUME = {46},
      YEAR = {1979},
    NUMBER = {2},
     PAGES = {341--375},
      ISSN = {0012-7094},
   MRCLASS = {14B07 (14D15 32B30)},
  MRNUMBER = {534056},
MRREVIEWER = {Henry C. Pinkham},
       URL = {http://projecteuclid.org/euclid.dmj/1077313406},
}

@article {Pinkham78,
    AUTHOR = {Pinkham, H.},
     TITLE = {Deformations of normal surface singularities with {$C\sp*$}
              action},
   JOURNAL = {Math. Ann.},
  FJOURNAL = {Mathematische Annalen},
    VOLUME = {232},
      YEAR = {1978},
    NUMBER = {1},
     PAGES = {65--84},
      ISSN = {0025-5831},
   MRCLASS = {14B05},
  MRNUMBER = {498543},
MRREVIEWER = {Jonathan M. Wahl},
       DOI = {10.1007/BF01420623},
       URL = {https://doi.org/10.1007/BF01420623},
}


@phdthesis{Jaehner74,
	Author = { J{\"a}hner, U. },
	Institution = {Universit{\"a}t Clausthal },
	Title = {Beispiele starrer analytischer Algebren },
	Type = {Dissertation},
	Year = {1974}}

@article {Artin74,
    AUTHOR = {Artin, M.},
     TITLE = {Algebraic construction of {B}rieskorn's resolutions},
   JOURNAL = {J. Algebra},
  FJOURNAL = {Journal of Algebra},
    VOLUME = {29},
      YEAR = {1974},
     PAGES = {330--348},
      ISSN = {0021-8693},
   MRCLASS = {14D15 (14B05 32C40)},
  MRNUMBER = {354665},
MRREVIEWER = {O. Riemenschneider},
       DOI = {10.1016/0021-8693(74)90102-1},
       URL = {https://doi.org/10.1016/0021-8693(74)90102-1},
}

@article {Wahl77,
    AUTHOR = {Wahl, J.M.},
     TITLE = {Equations defining rational singularities},
   JOURNAL = {Ann. Sci. \'{E}cole Norm. Sup. (4)},
  FJOURNAL = {Annales Scientifiques de l'\'{E}cole Normale Sup\'{e}rieure. Quatri\`eme
              S\'{e}rie},
    VOLUME = {10},
      YEAR = {1977},
    NUMBER = {2},
     PAGES = {231--263},
      ISSN = {0012-9593},
   MRCLASS = {14B05},
  MRNUMBER = {444655},
MRREVIEWER = {O. Riemenschneider},
       URL = {http://www.numdam.org/item?id=ASENS_1977_4_10_2_231_0},
}

@incollection {Brieskorn71,
    AUTHOR = {Brieskorn, E.},
     TITLE = {Singular elements of semi-simple algebraic groups},
 BOOKTITLE = {Actes du {C}ongr\`es {I}nternational des {M}ath\'{e}maticiens
              ({N}ice, 1970), {T}ome 2},
     PAGES = {279--284},
      YEAR = {1971},
   MRCLASS = {32C40 (14B05 20G20)},
  MRNUMBER = {0437798},
MRREVIEWER = {Jonathan M. Wahl},
}

@article {Tjurina70,
    AUTHOR = {Tjurina, G. N.},
     TITLE = {Resolution of singularities of flat deformations of double
              rational points},
   JOURNAL = {Funkcional. Anal. i Prilo\v{z}en.},
  FJOURNAL = {Akademija Nauk SSSR. Funkcional\cprime nyi Analiz i ego Prilo\v{z}enija},
    VOLUME = {4},
      YEAR = {1970},
    NUMBER = {1},
     PAGES = {77--83},
      ISSN = {0374-1990},
   MRCLASS = {32.27},
  MRNUMBER = {0267129},
MRREVIEWER = {D. Lieberman},
}

@article {Artin66,
    AUTHOR = {Artin, M.},
     TITLE = {On isolated rational singularities of surfaces},
   JOURNAL = {Amer. J. Math.},
  FJOURNAL = {American Journal of Mathematics},
    VOLUME = {88},
      YEAR = {1966},
     PAGES = {129--136},
      ISSN = {0002-9327},
   MRCLASS = {14.18 (14.20)},
  MRNUMBER = {199191},
MRREVIEWER = {P. Du Val},
       DOI = {10.2307/2373050},
       URL = {https://doi.org/10.2307/2373050},
}

@article {deJong98,
    AUTHOR = {de Jong, T.},
     TITLE = {Determinantal rational surface singularities},
   JOURNAL = {Compositio Math.},
  FJOURNAL = {Compositio Mathematica},
    VOLUME = {113},
      YEAR = {1998},
    NUMBER = {1},
     PAGES = {67--90},
      ISSN = {0010-437X},
   MRCLASS = {14J17 (14M12)},
  MRNUMBER = {1638206},
MRREVIEWER = {Angel Granja},
       DOI = {10.1023/A:1000402614933},
       URL = {https://doi.org/10.1023/A:1000402614933},
}

@article {Neumann81,
    AUTHOR = {Neumann, Walter D.},
     TITLE = {A calculus for plumbing applied to the topology of complex
              surface singularities and degenerating complex curves},
   JOURNAL = {Trans. Amer. Math. Soc.},
  FJOURNAL = {Transactions of the American Mathematical Society},
    VOLUME = {268},
      YEAR = {1981},
    NUMBER = {2},
     PAGES = {299--344},
      ISSN = {0002-9947},
   MRCLASS = {32B30 (14J17 32J15 57N10)},
  MRNUMBER = {632532},
MRREVIEWER = {Anatoly Libgober},
       DOI = {10.2307/1999331},
       URL = {https://doi.org/10.2307/1999331},
}

@article {Laufer72,
    AUTHOR = {Laufer, H.B.},
     TITLE = {On rational singularities},
   JOURNAL = {Amer. J. Math.},
  FJOURNAL = {American Journal of Mathematics},
    VOLUME = {94},
      YEAR = {1972},
     PAGES = {597--608},
      ISSN = {0002-9327},
   MRCLASS = {32C40},
  MRNUMBER = {330500},
MRREVIEWER = {E. Brieskorn},
       DOI = {10.2307/2374639},
       URL = {https://doi.org/10.2307/2374639},
}

@article {Laufer73,
    AUTHOR = {Laufer, H.B.},
     TITLE = {Taut two-dimensional singularities},
   JOURNAL = {Math. Ann.},
  FJOURNAL = {Mathematische Annalen},
    VOLUME = {205},
      YEAR = {1973},
     PAGES = {131--164},
      ISSN = {0025-5831},
   MRCLASS = {32C40},
  MRNUMBER = {333238},
MRREVIEWER = {J. Stutz},
       DOI = {10.1007/BF01350842},
       URL = {https://doi.org/10.1007/BF01350842},
}

@phdthesis{Roehr92,
	Author = {R{\"o}hr, A.},
	Institution = {Universit\"at Hamburg},
	Title = {Formate rationaler {F}l{\"a}chensingularit{\"a}ten},
	Type = {Dissertation},
	Year = {1992}
}

@article {Waldi79,
    AUTHOR = {Waldi, R.},
     TITLE = {Deformation von {G}orenstein-{S}ingularit\"{a}ten der
              {K}odimension {$3$}},
   JOURNAL = {Math. Ann.},
  FJOURNAL = {Mathematische Annalen},
    VOLUME = {242},
      YEAR = {1979},
    NUMBER = {3},
     PAGES = {201--208},
      ISSN = {0025-5831},
   MRCLASS = {14B07},
  MRNUMBER = {545214},
MRREVIEWER = {Henry C. Pinkham},
       DOI = {10.1007/BF01420726},
       URL = {https://doi.org/10.1007/BF01420726},
}

@article {BuchsbaumEisenbud77,
    AUTHOR = {Buchsbaum, D.A. and Eisenbud, D.},
     TITLE = {Algebra structures for finite free resolutions, and some
              structure theorems for ideals of codimension {$3$}},
   JOURNAL = {Amer. J. Math.},
  FJOURNAL = {American Journal of Mathematics},
    VOLUME = {99},
      YEAR = {1977},
    NUMBER = {3},
     PAGES = {447--485},
      ISSN = {0002-9327},
   MRCLASS = {13D15},
  MRNUMBER = {453723},
MRREVIEWER = {M. Nagata},
       DOI = {10.2307/2373926},
       URL = {https://doi.org/10.2307/2373926},
}

@book{Volume1,
  Editor = { Cisneros Molina, J.L. and L\^e D{\~u}ng Tr{\'a}ng and Seade, J. },
  title = { {H}andbook of {G}eometry and {T}opology of {S}ingularities {I}},
  publisher = { {S}pringer {V}erlag },
  year = {2020}
}

@article {GaffneyRuas21,
    AUTHOR = {Gaffney, T. and Ruas, M.A.S.},
     TITLE = {Equisingularity and {EIDS}},
   JOURNAL = {Proc. Amer. Math. Soc.},
  FJOURNAL = {Proceedings of the American Mathematical Society},
    VOLUME = {149},
      YEAR = {2021},
    NUMBER = {4},
     PAGES = {1593--1608},
      ISSN = {0002-9939},
   MRCLASS = {32S15},
  MRNUMBER = {4242314},
       DOI = {10.1090/proc/15381},
       URL = {https://doi.org/10.1090/proc/15381},
}

@article {DamonPike15,
    AUTHOR = {Damon, J. and Pike, B.},
     TITLE = {Solvable groups, free divisors and nonisolated matrix
              singularities {I}: {T}owers of free divisors},
   JOURNAL = {Ann. Inst. Fourier (Grenoble)},
  FJOURNAL = {Universit\'{e} de Grenoble. Annales de l'Institut Fourier},
    VOLUME = {65},
      YEAR = {2015},
    NUMBER = {3},
     PAGES = {1251--1300},
      ISSN = {0373-0956},
   MRCLASS = {14L35 (11S90 17B66 20G05)},
  MRNUMBER = {3449179},
       URL = {http://aif.cedram.org/item?id=AIF_2015__65_3_1251_0},
}

@article {DamonPike12,
    AUTHOR = {Damon, J. and Pike, B.},
     TITLE = {Solvable group representations and free divisors whose
              complements are {$K(\pi,1)$}'s},
   JOURNAL = {Topology Appl.},
  FJOURNAL = {Topology and its Applications},
    VOLUME = {159},
      YEAR = {2012},
    NUMBER = {2},
     PAGES = {437--449},
      ISSN = {0166-8641},
   MRCLASS = {55R80 (20G05 55P20)},
  MRNUMBER = {2868903},
MRREVIEWER = {Sadok Kallel},
       DOI = {10.1016/j.topol.2011.09.018},
       URL = {https://doi.org/10.1016/j.topol.2011.09.018},
}

@incollection {Damon96I,
    AUTHOR = {Damon, J.},
     TITLE = {Singular {M}ilnor fibers and higher multiplicities},
      NOTE = {Topology, 3},
   JOURNAL = {J. Math. Sci.},
  FJOURNAL = {Journal of Mathematical Sciences},
    VOLUME = {82},
      YEAR = {1996},
    NUMBER = {5},
     PAGES = {3651--3656},
      ISSN = {1072-3374},
   MRCLASS = {32S55 (14B05 14C20 52B30)},
  MRNUMBER = {1428721},
MRREVIEWER = {Richard Randell},
       DOI = {10.1007/BF02362569},
       URL = {https://doi.org/10.1007/BF02362569},
}

@article {Damon96II,
    AUTHOR = {Damon, J.},
     TITLE = {Higher multiplicities and almost free divisors and complete
              intersections},
   JOURNAL = {Mem. Amer. Math. Soc.},
  FJOURNAL = {Memoirs of the American Mathematical Society},
    VOLUME = {123},
      YEAR = {1996},
    NUMBER = {589},
     PAGES = {x+113},
      ISSN = {0065-9266},
   MRCLASS = {32S30 (14M10 32S55)},
  MRNUMBER = {1346928},
MRREVIEWER = {Juan J. Nu\~{n}o-Ballesteros},
       DOI = {10.1090/memo/0589},
       URL = {https://doi.org/10.1090/memo/0589},
}

@phdthesis{Haslinger01,
	Author = {Haslinger, G.},
	Institution = {University of Liverpool},
	Title = {Families of skew-symmetric matrices},
	Type = {PhD-Thesis},
	Year = {2001}}

@incollection {GoryunovZakalyukin03,
    AUTHOR = {Goryunov, V. V. and Zakalyukin, V. M.},
     TITLE = {Simple symmetric matrix singularities and the subgroups of
              {W}eyl groups {$A_\mu$}, {$D_\mu$}, {$E_\mu$}},
      NOTE = {Dedicated to Vladimir I. Arnold on the occasion of his 65th
              birthday},
   JOURNAL = {Mosc. Math. J.},
  FJOURNAL = {Moscow Mathematical Journal},
    VOLUME = {3},
      YEAR = {2003},
    NUMBER = {2},
     PAGES = {507--530, 743--744},
      ISSN = {1609-3321},
   MRCLASS = {58K10 (15A57 58K30)},
  MRNUMBER = {2025271},
       DOI = {10.17323/1609-4514-2003-3-2-507-530},
       URL = {https://doi.org/10.17323/1609-4514-2003-3-2-507-530},
}

@article {Damon96,
    AUTHOR = {Damon, J.},
     TITLE = {Higher multiplicities and almost free divisors and complete
              intersections},
   JOURNAL = {Mem. Amer. Math. Soc.},
  FJOURNAL = {Memoirs of the American Mathematical Society},
    VOLUME = {123},
      YEAR = {1996},
    NUMBER = {589},
     PAGES = {x+113},
      ISSN = {0065-9266},
   MRCLASS = {32S30 (14M10 32S55)},
  MRNUMBER = {1346928},
MRREVIEWER = {Juan J. Nu\~{n}o-Ballesteros},
       DOI = {10.1090/memo/0589},
       URL = {https://doi.org/10.1090/memo/0589},
}


@article {BelitskiiKerner16,
    AUTHOR = {Belitskii, G. and Kerner, D. },
     TITLE = {Group actions on filtered modules and finite determinacy.
              {F}inding large submodules in the orbit by linearization},
   JOURNAL = {C. R. Math. Acad. Sci. Soc. R. Can.},
  FJOURNAL = {Comptes Rendus Math\'{e}matiques de l'Acad\'{e}mie des Sciences. La
              Soci\'{e}t\'{e} Royale du Canada. Mathematical Reports of the Academy
              of Science. The Royal Society of Canada},
    VOLUME = {38},
      YEAR = {2016},
    NUMBER = {4},
     PAGES = {113--153},
      ISSN = {0706-1994},
   MRCLASS = {58K40 (14B07 32S99 58K50)},
  MRNUMBER = {3524978},
MRREVIEWER = {Jiazhong Yang},
}

@article {BelitskiiBoixKerner20,
    AUTHOR = {Belitskii, G. and Boix, A.F. and Kerner, D.},
     TITLE = {Approximation results of {A}rtin-{T}ougeron-type for general
              filtrations and for {$C^r$}-equations},
   JOURNAL = {J. Pure Appl. Algebra},
  FJOURNAL = {Journal of Pure and Applied Algebra},
    VOLUME = {224},
      YEAR = {2020},
    NUMBER = {12},
     PAGES = {106431, 15},
      ISSN = {0022-4049},
   MRCLASS = {13B40 (13J05 14B12 26E10)},
  MRNUMBER = {4099919},
       DOI = {10.1016/j.jpaa.2020.106431},
       URL = {https://doi.org/10.1016/j.jpaa.2020.106431},
}

@article{Kerner19,
  author =	{ Kerner, D. },
  title =	{ Group actions on matrices over local rings },
  eprint = 	{ arXiv:1904.10790 },
  year =	{ 2019 }
}

@article {Cheniot72,
    AUTHOR = {Cheniot, Denis},
     TITLE = {Sur les sections transversales d'un ensemble stratifi\'{e}},
   JOURNAL = {C. R. Acad. Sci. Paris S\'{e}r. A-B},
  FJOURNAL = {Comptes Rendus Hebdomadaires des S\'{e}ances de l'Acad\'{e}mie des
              Sciences. S\'{e}ries A et B},
    VOLUME = {275},
      YEAR = {1972},
     PAGES = {A915--A916},
      ISSN = {0151-0509},
   MRCLASS = {32C40},
  MRNUMBER = {318514},
MRREVIEWER = {A. Tognoli},
}

@article {FruehbisKrueger18,
    AUTHOR = {Fr\"{u}hbis-Kr\"{u}ger, A.},
     TITLE = {On discriminants, {T}jurina modifications and the geometry of
              determinantal singularities},
   JOURNAL = {Topology Appl.},
  FJOURNAL = {Topology and its Applications},
    VOLUME = {234},
      YEAR = {2018},
     PAGES = {375--396},
      ISSN = {0166-8641},
   MRCLASS = {32S05 (14B05 14B07)},
  MRNUMBER = {3739478},
MRREVIEWER = {Guillaume Rond},
       DOI = {10.1016/j.topol.2017.11.010},
       URL = {https://doi.org/10.1016/j.topol.2017.11.010},
}

@inproceedings{Pedersen21,
  title = { On {T}jurina {T}ransform and {R}esulotion of {D}eterminantal {S}ingularities },
  author = { M{\o}ller Pedersen, H. },
  booktitle = { Singularities and {T}heir {i}nteraction with {G}eometry and {L}ow {D}imensional {T}opology },
  editor = { de Bobadilla, J.F and L\'aszl\'o, T. and Stipsicz, A. },
  pages = { 289 -- 312 },
  publisher = { Birkh\"auser Verlag },
  year = { 2021 }
} 

@article {GaffneyGrulhaRuas19,
    AUTHOR = {Gaffney, T. and Grulha, Jr., N. G. and Ruas, M.
              A. S.},
     TITLE = {The local {E}uler obstruction and topology of the
              stabilization of associated determinantal varieties},
   JOURNAL = {Math. Z.},
  FJOURNAL = {Mathematische Zeitschrift},
    VOLUME = {291},
      YEAR = {2019},
    NUMBER = {3-4},
     PAGES = {905--930},
      ISSN = {0025-5874},
   MRCLASS = {14C17 (14J17 32S15 32S60 55S35 58K05)},
  MRNUMBER = {3936093},
MRREVIEWER = {Jorge Caravantes},
       DOI = {10.1007/s00209-018-2141-y},
       URL = {https://doi.org/10.1007/s00209-018-2141-y},
}

@article{Zsolt19,
  author = { Szil\'agyi, Z. },
  title = { On {C}hern classes of tensor products of vector bundles },
  Eprint = {arXiv:1909.13278v1},
  year = {2019} 
}

@article{FruehbisKruegerZach21,
  author = { Fr\"uhbis-Kr\"uger, A. and Zach, M. },
  title = { {D}eterminantal {S}ingularities },
  eprint = { arXiv:2106.04855v1 },
  year = { 2021 }
}

@article{Urabe81,
  author = { Urabe, T. },
  title = { {D}uality of {N}umerical {C}haracters of {P}olar {L}oci }, 
  journal = { {P}ubl. {RIMS} },
  publisher = { Kyoto Univ. },
  year = { 1981 },
  pages = {331--345}
}

@article{Massey96,
  author 	= { Massey, D. },
  title		= { Hypercohomology of Milnor fibers },
  journal	= { Topology },
  volume	= { 35 },
  pages 	= { 969 -- 1003 },
  year		= { 1996 }, 
  publisher 	= { Elsevier }
}

@article{Zach21Links,
  author	= { Zach, M. },
  title		= { On the topology of determinantal links },
  eprint	= { arXiv: 2107.01823 },
  year		= { 2021 }
}

@article{Damon19,
  author	= { Damon, J. },
  title		= { {C}haracteristic {C}ohomology {I}: {S}ingularities of given type },
  year		= {2020},
  publisher	= { Oxford University Press },
  journal 	= { Quart. J. Math. },
}

@article{Damon19II,
  author	= { Damon, J.}, 
  title		= { {C}haracteristic {C}ohomology {II}: {M}atrix {S}ingularities},
  year		= { 2019 },
  Eprint 	= { arXiv:1911.02102v1 }
}

@article{Esterov07,
  author 	= {Esterov, A.},
  title		= {{D}eterminantal {S}ingularities and {N}ewton {P}olyhedra},
  journal	= {Proceedings of the Steklov Institute of Mathematics},
  year		= {2007},
  volume	= {259},
  pages		= {16--34}
}

@book{MilnorStasheff74,
  author	= {Milnor, J. and Stasheff, J.},
  title		= {{C}haracteristic {C}lasses},
  publisher	= {{P}rinceton {U}niversity {P}ress},
  year		= {1974}
}

@book{BottTu82,
  author	= {Bott, R. and Tu, L.},
  title		= {{D}ifferential {F}orms in {A}lgebraic {T}opology},
  publisher	= {Springer},
  year		= {1982}
}

@article{BaumFultonMacPherson79,
  author	= {Baum, P. and Fulton, W. and MacPherson, R.},
  title		= {{R}iemann-{R}och and topological {K}-theory for singular varieties},
  journal	= {{A}cta mathematica},
  year		= {1979}
}

@article{BaumFultonMacPherson75,
  author	= {Baum, P. and Fulton, W. and MacPherson, R.},
  title		= {{R}iemann-{R}och for singular varieties},
  journal	= {{P}ublications math\'ematiques de L'{I}.{H}.{\'E}.{S}.},
  year		= {1975}
}

@article{Atiyah56,
  author	= {Atiyah, M.F.},
  title		= {Complex analytic connections in fiber bundles},
  journal	= {{T}ransactions of the {A}merican {M}athematical {S}ociety},
  volume	= {85},
  issue		= {1},
  year		= {1957},
  pages		= {181 -- 207}
}

@article{Brieskorn73,
  author        = {Brieskorn, E. V},
  title         = {Sur les groupes de tresses}, 
  journal       = {{S}\'eminaire {N}. {B}ourbaki},
  number        = {401},
  year          = {1973},
  pages         = {21--44}
}

@article{Looijenga74,
  author        = {Looijenga, E.},
  title         = {{T}he {C}omplement of the {B}ifurcation {V}ariety of a {S}imple {S}ingularity},
  journal       = {Inventiones math.},
  volume        = {23},
  pages         = {105--116},
  year          = {1974},
  publisher     = {Springer-Verlag}
}

@article{Lyashko79, 
  author        = {Lyashko, O. V.},
  title         = {{T}he geometry of bifurcation diagrams},
  journal       = {Uspekhi {M}at. {N}auk},
  year          = {1979},
  volume        = {34},
  issue         = {3},
  number        = {207},
  pages         = {205--206}
}

@article{Lyashko83,
  author        = {Lyashko, O. V.},
  title         = {{G}eometry of bifurcation diagrams},
  journal       = {Itogi {N}auki i {T}ekhniki},
  volume        = {22},
  pages         = {94--129},
  year          = {1983}
}

@book{Miranda95,
  author        = {Miranda, R.},
  title         = {Algebraic curves and Riemann surfaces},
  series        = {{G}raduate {S}tudies in {M}athematics},
  volume        = {5},
  publisher     = {{A}merican {M}athematical {S}ociety},
  year          = {1995}
}

@book{Slodowy80,
  author        = {Slodowy, P.},
  title         = {Simple {S}ingularities and {S}imple {A}lgebraic {G}roups},
  publisher     = {Springer},
  series        = {Lecture notes in Mathematics},
  year          = {1980}
}

@article{ShephardTodd54,
  author        = {Shephard, G. C. and Todd, J. A.},
  title         = {{F}inite unitary reflection groups},
  publisher     = {Canadian {M}athematical {S}ociety},
  journal       = {{C}anadian {J}ournal of {M}athematics},
  year          = {1954},
  pages         = {274 -- 304},
  volume        = {6}
}

@article{Chevalley55,
  author        = {Chevalley, C.},
  title         = {{I}nvariants of finite groups generated by reflections},
  publisher     = {{T}he {J}ohns {H}opkins {U}niversity {P}ress},
  journal       = {American {J}ournal of {M}athematics},
  volume        = {77},
  number        = {4}, 
  pages         = {778 -- 782},
  year          = {1955}
}

@article{Seade82,
  author        = {Seade, J.},
  title         = {{S}ingular points of complex surfaces and homotopy},
  journal       = {{T}opology}, 
  volume        = {21},
  year          = {1982},
  pages         = {1--8}
}

@article{Seade87,
  author        = {Seade, J},
  title         = {A note on the $\eta$-function for quotients of $P SL_2(R)$},
  journal       = {Topology},
  year          = {1987},
  volume        = {26},
  pages         = {79--91}
}

@article{SeadeSteer90,
  author        = {Seade, J. and Steer, B. F.},
  title         = {Complex singularities and the framed cobordism class of compact quotients of 3-dimensional Lie groups by discrete subgroups},
  JOURNAL       = {Commentarii Mathematici Helvetici},
  volume        = {65},
  year          = {1990},
  pages         = {349--374}
}

@article{SeadeGomezMontVerjovsky91, 
  author        = {Gomez-Mont, X. and Seade, J. and Verjovsky, A.},
  title         = {The index of a holomorphic flow with an isolated singularity},
  journal       = {{M}athematische {A}nnalen},
  volume        = {291},
  year          = {1991},
  pages         = {17--30}
}

@article{SeadeEsnaultViehweg92,
  author        = {Esnault, H. and Seade, J. and Viehweg, E.},
  title         = {{C}haracteristic divisors on complex manifolds},
  journal       = {{J}ournal f\"ur {R}eine und {A}ngewandte {M}athematik},
  volume        = {424},
  year          = {1992},
  pages         = {17--30}
}

@article{BrasseletLehmannSeadeSuwa99,
  author        = {Brasselet, J. P. and Lehmann and Suwa, T. and Seade, J},
  title         = {Milnor numbers and classes of local complete intersections},
  journal       = {{P}roceedings of the {J}apan {A}cademy of {S}ciences},
  volume        = {75},
  series        = {A},
  number        = {10},
  year          = {1999}
}

@inproceedings{Seade02,
  author        = {Seade, J.},
  title         = {{I}ndices of vector fields and {C}hern classes for singular varieties},
  booktitle     = {{I}nvitations to geometry and topology},
  editor        = {Bridson, M.R. and Salamon, S.M},
  publisher     = {{O}xford {G}raduate {T}exts in {M}athematics},
  volume        = {7},
  year          = {2002}, 
  pages         = {292--320}
}

@article{BrasseletMasseyParameswaranSeade04,
  author        = {Brasselet, J.P. and Massey, D. and Parameswaran, A. J. and Seade, J.},
  title         = {{E}uler obstruction and {D}efects of functions on singular varieties},
  journal       = {{J}ournal of the {L}ondon {M}athematical {S}ociety},
  year          = {2004},
  number        = {2},
  volume        = {70},
  pages         = {59--76}
}

@article{CallejasBedregalMorgadoSeade14,
  author        = {Callejas-Bedregal, R. and Morgado, M. F. Z. and Seade, J.},
  title         = {{L}{\^e} cycles and {M}ilnor classes},
  journal       = {{I}nventiones {M}athematicae},
  volume        = {197},
  year          = {2014},
  pages         = {453 -- 482}
}

@article{CallejasBedregalMorgadoSeade20, 
  author        = {Callejas-Bedregal, R. and Morgado, M. F. Z. and Seade, J.},
  title         = {{O}n the {C}hern classes of singular complete intersections},
  journal       = {{J}ournal of {T}opology},
  volume        = {13},
  year          = {2020},
  pages         = {159--174}
}

@article{SeadeTibarVerjovsky05Global,
  author        = {Seade, J. and Tib{\u a}r, M. and Verjovsky, A.},
  title         = {{G}lobal {E}uler obstruction and polar invariants},
  journal       = {{M}athematische {A}nnalen},
  volume        = {333},
  year          = {2005}, 
  pages         = {393--403}
}

@article {BobadillaPallares21,
  author        = {Bobadilla, J. and Pallar\'es, I.},
  title         = {{T}he {B}rasselet-{S}ch\"urmann-{Y}okura conjecture on $L$-classes of singular varieties},
  eprint        = {ArXiv:2007.11537},
  year          = {2020}
}

@article{ACampo21,
  title         = {Flowbox decomposition for gradients of univariate polynomials},
  journal       = {preprint},
  year          = {2021},
  author        = {A'Campo, N.}
}

@book{Szamuely08,
  title         = {Galois Groups and Fundamental Groups},
  author        = {Szamuely, T.},
  publisher     = {Cambridge University Press}, 
  year          = {2021}
}

@book {Banagl07,
    AUTHOR = {Banagl, M.},
     TITLE = {Topological invariants of stratified spaces},
    SERIES = {Springer Monographs in Mathematics},
 PUBLISHER = {Springer, Berlin},
      YEAR = {2007},
     PAGES = {xii+259},
      ISBN = {978-3-540-38585-1; 3-540-38585-1},
   MRCLASS = {55N33 (32S60)},
  MRNUMBER = {2286904},
MRREVIEWER = {Laurentiu G. Maxim},
}

@book {Maxim19,
    AUTHOR = {Maxim, Lauren\c{t}iu G.},
     TITLE = {Intersection homology \& perverse sheaves},
    SERIES = {Graduate Texts in Mathematics},
    VOLUME = {281},
      NOTE = {with applications to singularities},
 PUBLISHER = {Springer, Cham},
      YEAR = {[2019] \copyright 2019},
     PAGES = {270},
      ISBN = {978-3-030-27643-0; 978-3-030-27644-7},
   MRCLASS = {55 (32)},
  MRNUMBER = {4269941},
       DOI = {10.1007/978-3-030-27644-7},
       URL = {https://doi.org/10.1007/978-3-030-27644-7},
}
@article{Jiang19,
author = {Yunfeng Jiang},
title = {{Note on MacPherson’s Local Euler Obstruction}},
volume = {68},
journal = {Michigan Mathematical Journal},
number = {2},
publisher = {University of Michigan, Department of Mathematics},
pages = {227 -- 250},
year = {2019},
doi = {10.1307/mmj/1548817530},
URL = {https://doi.org/10.1307/mmj/1548817530}
}
@misc{Kennedy90,
url = {https://www.degruyter.com/database/IBZ/entry/ibz.ID596797215/html},
title = {macpherson's chern classes of singular algebraic varieties},
author = {g kennedy},
publisher = {taylor & francis, inc.},
address = {usa - philadelphia, pa 19106, 325 chestnut street, suite 800},
address = {new york},
volume = {18},
number = {9},
journal = {communications in algebra},
issn = {0092-7872},
keywords = {chern, shiin shen (mathematiker), klasse (math.), variety (math.), class (math.)},
year = {1990},
booktitle = {IBZ Online},
publisher = {K. G. Saur},
address = {Berlin, Boston},
note = {2009}
}
